3238 5090
186 503 295 570 (xtt'1,
317 502 400 572 3-5).]
582 505 673 552 triten
696 503 861 549 securibus
1191 504 1255 569 449

187 719 287 784 quum
311 697 382 778 sint,
405 720 444 763 ex
466 695 578 784 quibus
601 696 733 763 alterum
755 696 884 784 quidem
908 721 1032 786 semper
1056 700 1087 764 in
1111 697 1257 764 manibus

188 822 219 870 et
241 804 273 868 in
298 826 355 868 usu
379 801 489 868 artifex
513 801 634 884 habeat,
658 819 688 868 et
712 825 766 890 per
783 801 858 870 illud
880 802 970 870 faciat
988 819 1100 891 quanta
1124 804 1210 884 velit,
1227 820 1257 870 et

188 905 330 972 ostendat
354 922 451 973 artem
477 925 506 972 et
526 909 708 994 sapientiam
728 931 835 988 suam;
855 908 987 974 alterum
1005 925 1108 976 autem
1121 931 1256 975 vacuum

189 1031 280 1102 atque
313 1014 452 1080 otiosum
485 1030 671 1101 perseveret,
704 1033 734 1081 et
765 1018 831 1081 siue
863 1017 1054 1102 operatione,
1092 1038 1147 1103 per
1173 1015 1257 1103 quod

190 1120 266 1186 nihil
290 1122 424 1188 omnino
447 1138 571 1209 apparet
592 1120 705 1188 faciens
726 1120 846 1200 artifex,
865 1140 896 1188 et
912 1123 944 1188 in
964 1122 1081 1188 nullam
1100 1123 1257 1188 actionem

190 1249 228 1294 eo
253 1243 356 1294 utens:
387 1226 499 1295 deinde
526 1227 607 1294 dicat
630 1230 699 1315 quis
727 1228 834 1295 inutile
859 1228 919 1295 hoc
948 1245 978 1294 et
1002 1253 1136 1296 uacuum
1167 1245 1257 1315 atque

191 1333 328 1400 otiosum
353 1333 466 1400 melius
489 1357 558 1400 esse
581 1350 611 1400 et
635 1335 731 1422 pluris
755 1333 808 1400 illo
832 1355 896 1421 quo
915 1336 1012 1401 utitur
1030 1336 1062 1400 in
1080 1357 1184 1422 opere,
1204 1356 1259 1422 per

191 1440 274 1528 quod
298 1454 328 1505 et
350 1439 544 1528 glorificatur
567 1441 632 1528 ipse
655 1439 780 1506 artifex:
806 1440 856 1507 hic
876 1441 970 1529 igitur
989 1441 1084 1508 hebes
1099 1465 1167 1508 esse
1178 1442 1258 1507 iuste

191 1544 386 1612 arbitrabitur
409 1546 461 1633 qui
486 1547 525 1612 sit
548 1547 628 1628 talis,
652 1565 683 1612 et
707 1549 820 1613 mentis
844 1571 917 1614 suae
936 1570 1002 1614 non
1018 1571 1160 1636 compos.
1207 1548 1259 1614 Sic

191 1669 294 1718 autem
319 1669 349 1718 et
372 1652 415 1733 hi,
439 1668 538 1718 semet
565 1654 716 1740 spiritales
740 1671 771 1720 et
794 1655 940 1720 meliores
963 1654 1112 1736 dicentes,
1145 1671 1175 1720 et
1195 1655 1260 1720 De·

192 1759 351 1846 miurgum
371 1759 551 1839 animalem,
575 1774 605 1825 et
623 1776 747 1849 propter
767 1760 827 1826 hoc
847 1759 1116 1847 superascendere,
1134 1777 1165 1826 et
1179 1762 1259 1826 intra

192 1865 336 1931 Pleroma
355 1880 515 1954 penetrare
531 1865 568 1933 ad
585 1867 670 1932 viros
688 1889 762 1932 suos
781 1867 870 1957 (sunt
889 1868 976 1933 enim
995 1866 1130 1934 feminae
1148 1891 1260 1956 quem-

192 1971 362 2038 admodum
375 1973 433 2060 ipsi
442 1971 770 2062 confitentur)‚Deum
783 1991 887 2040 autem
901 1973 1083 2040 inferiorem
1093 1989 1123 2040 et
1135 1992 1260 2063 propter

192 2076 252 2145 hoc
277 2101 402 2145 manere
422 2081 455 2145 in
475 2079 649 2160 medietate,
660 2097 691 2146 et
710 2081 803 2147 huius
819 2081 937 2147 nullam
955 2082 1169 2148 ostensionem
1186 2079 1261 2149 affe-

193 2201 312 2264 rentes;
336 2187 390 2273 qui
406 2187 491 2252 enim
508 2187 622 2252 melior
637 2203 695 2268 est,
715 2184 916 2275 exoperibus
935 2186 1128 2254 ostenditur:
1153 2189 1261 2254 omnia

192 2291 277 2356 enim
301 2312 394 2380 opera
418 2315 436 2357 a
459 2292 635 2380 Demiurgo
660 2291 739 2359 lacta
756 2310 847 2375 sunt;
872 2316 926 2381 per
946 2295 1132 2381 semetipsos
1155 2311 1261 2360 autem

192 2396 269 2462 nihil
288 2396 421 2486 dignum
440 2399 560 2464 ratione
577 2397 695 2465 factum
711 2399 875 2466 ostendere
895 2399 1054 2482 habenteS,
1070 2401 1170 2466 insani
1190 2417 1261 2466 sunt

194 2525 318 2568 summa
343 2521 373 2570 et
396 2503 558 2571 insanabili
583 2506 714 2572 insania.

262 2611 290 2674 6.
315 2608 418 2699 [WH.
436 2611 543 2676 XLVI
556 2610 600 2701 ἢ.
648 2611 681 2676 Si
697 2629 803 2678 autem
818 2611 1035 2678 contenderint
1054 2612 1167 2692 dicere,
1184 2634 1263 2699 quo-

193 2717 278 2782 niam
301 2738 516 2805 quaecumque
535 2734 608 2782 sunt
630 2717 758 2804 quidem
783 2719 965 2798 materialia,
985 2735 1110 2807 utputa
1130 2719 1263 2800 caelum,

194 2838 223 2888 et
247 2823 411 2889 universus
433 2825 487 2913 qui
506 2824 586 2890 infra
606 2847 679 2890 eum
696 2826 874 2891 continetur
889 2825 1037 2906 mundus,
1054 2849 1071 2892 a
1086 2827 1264 2914 Demiurgo

195 2926 272 2994 lacta
297 2945 388 3009 sunt;
411 2946 565 3018 quotquot
588 2947 693 2996 autem
717 2930 900 3018 spiritaliora
925 2930 984 3013 his,
1008 2931 1058 2998 illa
1082 2955 1160 3020 quae
1192 2951 1264 2999 sunt

194 3057 286 3122 super
318 3035 450 3116 caelum,
483 3054 517 3102 ut
545 3054 618 3124 puta
643 3038 807 3123 Principia,
843 3038 1028 3118 PotestateS,
1051 3038 1177 3125 Angeli,
1203 3040 1265 3102 Ar-

195 3140 347 3229 changeli,
375 3142 627 3224 Dominationes,
652 3145 845 3220 Virtutes‚(¹)
870 3166 924 3230 per
952 3143 1120 3230 spiritalem
1145 3144 1265 3210 enixio-

195 3271 279 3330 nem,
291 3247 375 3338 quod
392 3251 578 3337 semetipsos
595 3273 663 3316 esse
675 3247 793 3333 dicunt,
811 3249 889 3316 facta
906 3266 992 3316 sunt:
1013 3250 1117 3338 primo
1136 3248 1263 3337 quidem

195 3378 233 3421 ex
255 3355 422 3422 dominicis
447 3358 613 3445 Scripturis
636 3357 842 3439 ostendimus
871 3359 977 3424 omnia
1008 3380 1087 3444 quae
1110 3355 1264 3444 praedicta

196 3478 278 3543 sunt,
302 3461 435 3528 visibilia
458 3480 489 3529 et
511 3462 688 3546 invisibilia,
708 3463 746 3529 ab
766 3487 830 3531 uno
854 3464 925 3529 Deo
949 3462 1038 3530 facta.
1086 3465 1160 3530 Non
1179 3463 1264 3528 enim

196 3587 268 3635 sunt
283 3571 384 3657 magis
407 3569 511 3636 idonei
522 3569 556 3624 (²)
579 3569 610 3636 hi
633 3593 726 3657 quam
752 3569 947 3658 Scripturas:
973 3592 1031 3636 nec
1055 3569 1265 3657 relinquentes

195 3697 254 3742 nos
277 3677 399 3765 eloquia
423 3677 567 3758 Domini,
584 3693 614 3742 et
633 3677 781 3763 Moysen,
806 3695 836 3742 et
860 3677 996 3765 reliquos
1016 3676 1193 3764 prophetas,
1211 3676 1265 3765 qui

195 3783 358 3848 veritatem
375 3783 710 3870 praeconaverunt‚his
726 3782 851 3850 credere
867 3799 1000 3870 oportet,
1010 3805 1121 3848 sanum
1138 3780 1265 3870 quidem

231 3973 273 4042 (r)
293 3973 455 4028 Observabis
480 3975 508 4028 in
529 3975 570 4028 his
596 3975 703 4046 angelo·
758 3975 847 4028 ticitos
865 3992 930 4038 esse,
950 3973 993 4045 qui
1013 3971 1097 4026 Ἐπίδ.
1115 3985 1146 4025 ro
1162 3970 1266 4024 «Verbi

195 4076 255 4112 rum
283 4060 408 4114 classibus
436 4060 624 4113 enumerandis
649 4077 703 4114 non
762 4071 811 4114 net
827 4060 938 4131 Spiritus
954 4059 1064 4110 virtutes
1074 4077 1087 4106 a
1106 4057 1236 4109 dicuntur.

196 4161 301 4216 semper
311 4145 434 4198 eumdem
450 4145 572 4198 ordinem
588 4145 700 4197 servari:
795 4147 837 4214 (2)
857 4140 1211 4212 txuvdrepot=potentiores
1221 4155 1266 4192 seu

196 4229 334 4299 Seraphim
348 4241 373 4284 ct
389 4228 532 4282 Cherubim
550 4245 653 4298 semper
665 4245 705 4282 re·
760 4230 861 4282 maiore
881 4229 1010 4299 pollentes
1029 4225 1195 4279 auctoritate.
