<?xml version="1.0" encoding="UTF-8"?>
<!DOCTYPE html PUBLIC "-//W3C//DTD XHTML 1.0 Transitional//EN"
    "http://www.w3.org/TR/xhtml1/DTD/xhtml1-transitional.dtd">
<html xmlns="http://www.w3.org/1999/xhtml" xml:lang="en" lang="en">
 <head>
  <title>
</title>
<meta http-equiv="Content-Type" content="text/html;charset=utf-8" />
  <meta name='ocr-system' content='tesseract 3.04.00' />
  <meta name='ocr-capabilities' content='ocr_page ocr_carea ocr_par ocr_line ocrx_word'/>
</head>
<body>
  <div class='ocr_page' id='page_1' title='image "./adversushaerese00irengoog_0477.png"; bbox 0 0 3238 5090; ppageno 0'>
   <div class='ocr_carea' id='block_1_1' title="bbox 347 523 1412 612">
    <p class='ocr_par' dir='ltr' id='par_1_1' title="bbox 347 523 1412 612">
     <span class='ocr_line' id='line_1_1' title="bbox 347 523 1412 612; baseline 0.017 -33"><span class='ocrx_word' id='word_1_1' title='bbox 347 531 412 600; x_wconf 85' lang='lat'>472</span> <span class='ocrx_word' id='word_1_2' title='bbox 636 537 765 584; x_wconf 77' lang='lat' dir='ltr'>rneuanr</span> <span class='ocrx_word' id='word_1_3' title='bbox 789 537 949 586; x_wconf 67' lang='lat' dir='ltr'>inversus</span> <span class='ocrx_word' id='word_1_4' title='bbox 972 537 1127 587; x_wconf 72' lang='lat' dir='ltr'>naereses</span> <span class='ocrx_word' id='word_1_5' title='bbox 1179 523 1186 540; x_wconf 79' lang='lat'><em>⁶</em></span> <span class='ocrx_word' id='word_1_6' title='bbox 1217 539 1342 610; x_wconf 75' lang='lat' dir='ltr'>[XXXV.</span> <span class='ocrx_word' id='word_1_7' title='bbox 1367 557 1412 612; x_wconf 85' lang='lat'>1-3</span> 
     </span>
    </p>
   </div>
   <div class='ocr_carea' id='block_1_2' title="bbox 334 721 1414 3600">
    <p class='ocr_par' dir='ltr' id='par_1_2' title="bbox 339 721 1414 1974">
     <span class='ocr_line' id='line_1_2' title="bbox 345 721 1414 803; baseline 0.008 -9"><span class='ocrx_word' id='word_1_8' title='bbox 345 721 410 796; x_wconf 82' lang='lat' dir='ltr'>non</span> <span class='ocrx_word' id='word_1_9' title='bbox 434 729 538 796; x_wconf 92' lang='lat' dir='ltr'>solum</span> <span class='ocrx_word' id='word_1_10' title='bbox 562 723 689 797; x_wconf 74' lang='lat' dir='ltr'>ccccxv</span> <span class='ocrx_word' id='word_1_11' title='bbox 711 727 886 798; x_wconf 76' lang='lat' dir='ltr'>secundum</span> <span class='ocrx_word' id='word_1_12' title='bbox 909 733 1144 800; x_wconf 86' lang='lat' dir='ltr'>successionem</span> <span class='ocrx_word' id='word_1_13' title='bbox 1167 733 1246 802; x_wconf 90' lang='lat' dir='ltr'>alios</span> <span class='ocrx_word' id='word_1_14' title='bbox 1279 733 1317 802; x_wconf 87' lang='lat' dir='ltr'>ab</span> <span class='ocrx_word' id='word_1_15' title='bbox 1346 736 1414 803; x_wconf 88' lang='lat' dir='ltr'>aliis</span> 
     </span>
     <span class='ocr_line' id='line_1_3' title="bbox 346 833 1414 927; baseline 0.008 -27"><span class='ocrx_word' id='word_1_16' title='bbox 346 833 455 916; x_wconf 87' lang='lat' dir='ltr'>factos,</span> <span class='ocrx_word' id='word_1_17' title='bbox 480 835 534 904; x_wconf 89' lang='lat' dir='ltr'>sed</span> <span class='ocrx_word' id='word_1_18' title='bbox 556 835 749 904; x_wconf 86' lang='lat' dir='ltr'>immensam</span> <span class='ocrx_word' id='word_1_19' title='bbox 772 836 943 927; x_wconf 88' lang='lat' dir='ltr'>quamdam</span> <span class='ocrx_word' id='word_1_20' title='bbox 966 854 997 904; x_wconf 88' lang='lat' dir='ltr'>et</span> <span class='ocrx_word' id='word_1_21' title='bbox 1020 839 1282 908; x_wconf 72' lang='lat' dir='ltr'>innumerabilem</span> <span class='ocrx_word' id='word_1_22' title='bbox 1306 843 1414 910; x_wconf 89' lang='lat' dir='ltr'>multi-</span> 
     </span>
     <span class='ocr_line' id='line_1_4' title="bbox 344 941 1413 1033; baseline 0.006 -23"><span class='ocrx_word' id='word_1_23' title='bbox 344 941 485 1016; x_wconf 83' lang='lat' dir='ltr'>tudinem</span> <span class='ocrx_word' id='word_1_24' title='bbox 509 942 674 1010; x_wconf 76' lang='lat' dir='ltr'>caelorum&#39;</span> <span class='ocrx_word' id='word_1_25' title='bbox 691 967 816 1033; x_wconf 90' lang='lat' dir='ltr'>semper</span> <span class='ocrx_word' id='word_1_26' title='bbox 839 943 964 1027; x_wconf 84' lang='lat' dir='ltr'>factam,</span> <span class='ocrx_word' id='word_1_27' title='bbox 987 961 1018 1012; x_wconf 86' lang='lat' dir='ltr'>et</span> <span class='ocrx_word' id='word_1_28' title='bbox 1040 943 1118 1027; x_wconf 87' lang='lat' dir='ltr'>fieri,</span> <span class='ocrx_word' id='word_1_29' title='bbox 1149 962 1181 1012; x_wconf 89' lang='lat' dir='ltr'>et</span> <span class='ocrx_word' id='word_1_30' title='bbox 1207 945 1348 1015; x_wconf 88' lang='lat' dir='ltr'>futurum</span> <span class='ocrx_word' id='word_1_31' title='bbox 1380 966 1413 1016; x_wconf 86' lang='lat' dir='ltr'>ut</span> 
     </span>
     <span class='ocr_line' id='line_1_5' title="bbox 343 1047 1413 1138; baseline 0.007 -24"><span class='ocrx_word' id='word_1_32' title='bbox 343 1047 429 1132; x_wconf 87' lang='lat' dir='ltr'>fiant,</span> <span class='ocrx_word' id='word_1_33' title='bbox 449 1065 479 1116; x_wconf 89' lang='lat' dir='ltr'>et</span> <span class='ocrx_word' id='word_1_34' title='bbox 495 1073 669 1138; x_wconf 82' lang='lat' dir='ltr'>numquam</span> <span class='ocrx_word' id='word_1_35' title='bbox 685 1048 817 1118; x_wconf 87' lang='lat' dir='ltr'>deficere</span> <span class='ocrx_word' id='word_1_36' title='bbox 834 1050 1016 1118; x_wconf 89' lang='lat' dir='ltr'>huiusmodi</span> <span class='ocrx_word' id='word_1_37' title='bbox 1034 1049 1183 1120; x_wconf 82' lang='lat' dir='ltr'>fabricam</span> <span class='ocrx_word' id='word_1_38' title='bbox 1199 1054 1413 1122; x_wconf 54' lang='lat' dir='ltr'>caelorum&amp;</span> 
     </span>
     <span class='ocr_line' id='line_1_6' title="bbox 343 1152 1411 1245; baseline 0.004 -22"><span class='ocrx_word' id='word_1_39' title='bbox 343 1156 376 1223; x_wconf 86' lang='lat' dir='ltr'>Si</span> <span class='ocrx_word' id='word_1_40' title='bbox 400 1155 486 1222; x_wconf 89' lang='lat' dir='ltr'>enim</span> <span class='ocrx_word' id='word_1_41' title='bbox 509 1152 547 1222; x_wconf 79' lang='lat' dir='ltr'>e&#39;x</span> <span class='ocrx_word' id='word_1_42' title='bbox 570 1155 696 1223; x_wconf 85' lang='lat' dir='ltr'>defluxu</span> <span class='ocrx_word' id='word_1_43' title='bbox 721 1157 835 1245; x_wconf 91' lang='lat' dir='ltr'>prioris</span> <span class='ocrx_word' id='word_1_44' title='bbox 866 1155 1040 1224; x_wconf 91' lang='lat' dir='ltr'>secundum</span> <span class='ocrx_word' id='word_1_45' title='bbox 1071 1154 1188 1223; x_wconf 86' lang='lat' dir='ltr'>factum</span> <span class='ocrx_word' id='word_1_46' title='bbox 1216 1175 1262 1225; x_wconf 90' lang='lat' dir='ltr'>est</span> <span class='ocrx_word' id='word_1_47' title='bbox 1290 1161 1411 1228; x_wconf 90' lang='lat' dir='ltr'>caelum</span> 
     </span>
     <span class='ocr_line' id='line_1_7' title="bbox 341 1259 1411 1352; baseline 0.007 -24"><span class='ocrx_word' id='word_1_48' title='bbox 341 1261 379 1329; x_wconf 88' lang='lat' dir='ltr'>ad</span> <span class='ocrx_word' id='word_1_49' title='bbox 404 1262 484 1330; x_wconf 89' lang='lat' dir='ltr'>illius</span> <span class='ocrx_word' id='word_1_50' title='bbox 509 1259 657 1352; x_wconf 86' lang='lat' dir='ltr'>speciem,</span> <span class='ocrx_word' id='word_1_51' title='bbox 681 1281 712 1332; x_wconf 89' lang='lat' dir='ltr'>et</span> <span class='ocrx_word' id='word_1_52' title='bbox 735 1264 773 1331; x_wconf 84' lang='lat' dir='ltr'>ad</span> <span class='ocrx_word' id='word_1_53' title='bbox 792 1263 920 1331; x_wconf 89' lang='lat' dir='ltr'>secundi</span> <span class='ocrx_word' id='word_1_54' title='bbox 936 1265 1075 1346; x_wconf 88' lang='lat' dir='ltr'>tertium,</span> <span class='ocrx_word' id='word_1_55' title='bbox 1091 1279 1122 1332; x_wconf 91' lang='lat' dir='ltr'>et</span> <span class='ocrx_word' id='word_1_56' title='bbox 1138 1265 1283 1332; x_wconf 86' lang='lat' dir='ltr'>similiter</span> <span class='ocrx_word' id='word_1_57' title='bbox 1299 1291 1411 1335; x_wconf 91' lang='lat' dir='ltr'>omnes</span> 
     </span>
     <span class='ocr_line' id='line_1_8' title="bbox 341 1369 1410 1460; baseline 0.006 -25"><span class='ocrx_word' id='word_1_58' title='bbox 341 1369 452 1458; x_wconf 84' lang='lat' dir='ltr'>reliqui</span> <span class='ocrx_word' id='word_1_59' title='bbox 472 1370 712 1460; x_wconf 87' lang='lat' dir='ltr'>subsequentes:</span> <span class='ocrx_word' id='word_1_60' title='bbox 733 1386 762 1438; x_wconf 91' lang='lat' dir='ltr'>et</span> <span class='ocrx_word' id='word_1_61' title='bbox 781 1370 819 1438; x_wconf 91' lang='lat' dir='ltr'>de</span> <span class='ocrx_word' id='word_1_62' title='bbox 838 1370 931 1437; x_wconf 93' lang='lat' dir='ltr'>huius</span> <span class='ocrx_word' id='word_1_63' title='bbox 952 1370 1038 1458; x_wconf 91' lang='lat' dir='ltr'>quod</span> <span class='ocrx_word' id='word_1_64' title='bbox 1061 1370 1236 1438; x_wconf 89' lang='lat' dir='ltr'>secundum</span> <span class='ocrx_word' id='word_1_65' title='bbox 1266 1397 1326 1440; x_wconf 91' lang='lat' dir='ltr'>nos</span> <span class='ocrx_word' id='word_1_66' title='bbox 1353 1391 1410 1456; x_wconf 88' lang='lat' dir='ltr'>est,</span> 
     </span>
     <span class='ocr_line' id='line_1_9' title="bbox 340 1475 1412 1566; baseline 0.006 -22"><span class='ocrx_word' id='word_1_67' title='bbox 340 1475 425 1566; x_wconf 94' lang='lat' dir='ltr'>quod</span> <span class='ocrx_word' id='word_1_68' title='bbox 450 1494 479 1545; x_wconf 89' lang='lat' dir='ltr'>et</span> <span class='ocrx_word' id='word_1_69' title='bbox 496 1479 708 1546; x_wconf 90' lang='lat' dir='ltr'>novissimum</span> <span class='ocrx_word' id='word_1_70' title='bbox 725 1496 826 1562; x_wconf 91' lang='lat' dir='ltr'>vocat,</span> <span class='ocrx_word' id='word_1_71' title='bbox 844 1502 971 1546; x_wconf 89' lang='lat' dir='ltr'>necesse</span> <span class='ocrx_word' id='word_1_72' title='bbox 994 1495 1096 1545; x_wconf 91' lang='lat' dir='ltr'>estex</span> <span class='ocrx_word' id='word_1_73' title='bbox 1119 1476 1247 1548; x_wconf 88' lang='lat' dir='ltr'>defluxu</span> <span class='ocrx_word' id='word_1_74' title='bbox 1266 1482 1349 1551; x_wconf 89' lang='lat' dir='ltr'>aliud</span> <span class='ocrx_word' id='word_1_75' title='bbox 1367 1483 1412 1550; x_wconf 84' lang='lat' dir='ltr'>fa-</span> 
     </span>
     <span class='ocr_line' id='line_1_10' title="bbox 340 1584 1410 1676; baseline 0.005 -24"><span class='ocrx_word' id='word_1_76' title='bbox 340 1601 427 1652; x_wconf 90' lang='lat' dir='ltr'>ctum</span> <span class='ocrx_word' id='word_1_77' title='bbox 443 1587 546 1654; x_wconf 89' lang='lat' dir='ltr'>simile</span> <span class='ocrx_word' id='word_1_78' title='bbox 569 1584 639 1668; x_wconf 89' lang='lat' dir='ltr'>sibi,</span> <span class='ocrx_word' id='word_1_79' title='bbox 658 1602 689 1653; x_wconf 89' lang='lat' dir='ltr'>et</span> <span class='ocrx_word' id='word_1_80' title='bbox 712 1610 751 1653; x_wconf 86' lang='lat' dir='ltr'>ex</span> <span class='ocrx_word' id='word_1_81' title='bbox 773 1587 829 1653; x_wconf 90' lang='lat' dir='ltr'>illo</span> <span class='ocrx_word' id='word_1_82' title='bbox 852 1587 966 1653; x_wconf 87' lang='lat' dir='ltr'>iterum</span> <span class='ocrx_word' id='word_1_83' title='bbox 989 1585 1087 1654; x_wconf 90' lang='lat' dir='ltr'>aliud:</span> <span class='ocrx_word' id='word_1_84' title='bbox 1112 1603 1143 1654; x_wconf 92' lang='lat' dir='ltr'>et</span> <span class='ocrx_word' id='word_1_85' title='bbox 1162 1609 1337 1676; x_wconf 84' lang='lat' dir='ltr'>numquam</span> <span class='ocrx_word' id='word_1_86' title='bbox 1356 1588 1410 1657; x_wconf 89' lang='lat' dir='ltr'>de-</span> 
     </span>
     <span class='ocr_line' id='line_1_11' title="bbox 339 1691 1409 1784; baseline 0.004 -24"><span class='ocrx_word' id='word_1_87' title='bbox 339 1693 444 1776; x_wconf 88' lang='lat' dir='ltr'>ficere,</span> <span class='ocrx_word' id='word_1_88' title='bbox 453 1717 554 1782; x_wconf 88' lang='lat' dir='ltr'>neque</span> <span class='ocrx_word' id='word_1_89' title='bbox 564 1693 707 1762; x_wconf 84' lang='lat' dir='ltr'>defluxus</span> <span class='ocrx_word' id='word_1_90' title='bbox 719 1717 833 1761; x_wconf 87' lang='lat' dir='ltr'>eorum</span> <span class='ocrx_word' id='word_1_91' title='bbox 844 1697 897 1781; x_wconf 91' lang='lat' dir='ltr'>qui</span> <span class='ocrx_word' id='word_1_92' title='bbox 910 1694 974 1760; x_wconf 91' lang='lat' dir='ltr'>iam</span> <span class='ocrx_word' id='word_1_93' title='bbox 988 1691 1060 1760; x_wconf 86' lang='lat' dir='ltr'>facti</span> <span class='ocrx_word' id='word_1_94' title='bbox 1073 1711 1156 1777; x_wconf 91' lang='lat' dir='ltr'>sunt,</span> <span class='ocrx_word' id='word_1_95' title='bbox 1165 1717 1266 1784; x_wconf 88' lang='lat' dir='ltr'>neque</span> <span class='ocrx_word' id='word_1_96' title='bbox 1275 1695 1409 1764; x_wconf 85' lang='lat' dir='ltr'>facturas</span> 
     </span>
     <span class='ocr_line' id='line_1_12' title="bbox 339 1795 1407 1887; baseline 0.004 -21"><span class='ocrx_word' id='word_1_97' title='bbox 339 1800 513 1880; x_wconf 89' lang='lat' dir='ltr'>caelorum;</span> <span class='ocrx_word' id='word_1_98' title='bbox 527 1795 581 1867; x_wconf 87' lang='lat' dir='ltr'>sed</span> <span class='ocrx_word' id='word_1_99' title='bbox 594 1801 625 1868; x_wconf 89' lang='lat' dir='ltr'>in</span> <span class='ocrx_word' id='word_1_100' title='bbox 638 1802 845 1877; x_wconf 82' lang='lat' dir='ltr'>immensum,</span> <span class='ocrx_word' id='word_1_101' title='bbox 858 1816 888 1866; x_wconf 89' lang='lat' dir='ltr'>et</span> <span class='ocrx_word' id='word_1_102' title='bbox 900 1823 966 1866; x_wconf 93' lang='lat' dir='ltr'>non</span> <span class='ocrx_word' id='word_1_103' title='bbox 978 1798 1011 1865; x_wconf 91' lang='lat' dir='ltr'>in</span> <span class='ocrx_word' id='word_1_104' title='bbox 1026 1797 1226 1887; x_wconf 85' lang='lat' dir='ltr'>praefinitum</span> <span class='ocrx_word' id='word_1_105' title='bbox 1238 1825 1407 1870; x_wconf 90' lang='lat' dir='ltr'>numemm</span> 
     </span>
     <span class='ocr_line' id='line_1_13' title="bbox 340 1901 674 1974; baseline 0.009 -3"><span class='ocrx_word' id='word_1_106' title='bbox 340 1905 502 1973; x_wconf 89' lang='lat' dir='ltr'>caelorum</span> <span class='ocrx_word' id='word_1_107' title='bbox 526 1901 674 1974; x_wconf 84' lang='lat' dir='ltr'>incidere.</span> 
     </span>
    </p>

    <p class='ocr_par' dir='ltr' id='par_1_3' title="bbox 335 2010 1408 3062">
     <span class='ocr_line' id='line_1_14' title="bbox 407 2010 1408 2105; baseline 0.003 -25"><span class='ocrx_word' id='word_1_108' title='bbox 407 2033 436 2080; x_wconf 89' lang='lat'>2.</span> <span class='ocrx_word' id='word_1_109' title='bbox 484 2013 588 2104; x_wconf 89' lang='lat' dir='ltr'><em>[WH.</em></span> <span class='ocrx_word' id='word_1_110' title='bbox 607 2010 734 2094; x_wconf 83' lang='lat' dir='ltr'><em>LVIII,</em></span> <span class='ocrx_word' id='word_1_111' title='bbox 764 2013 806 2105; x_wconf 85' lang='lat' dir='ltr'>r].</span> <span class='ocrx_word' id='word_1_112' title='bbox 854 2011 1020 2081; x_wconf 79' lang='lat' dir='ltr'>Osrsusro</span> <span class='ocrx_word' id='word_1_113' title='bbox 1044 2033 1199 2086; x_wconf 78' lang='lat' dir='ltr'>ououmn</span> <span class='ocrx_word' id='word_1_114' title='bbox 1217 2035 1408 2083; x_wconf 69' lang='lat' dir='ltr'>propensae</span> 
     </span>
     <span class='ocr_line' id='line_1_15' title="bbox 339 2139 1407 2201; baseline 0.002 -13"><span class='ocrx_word' id='word_1_115' title='bbox 339 2141 407 2188; x_wconf 80' lang='lat' dir='ltr'>non</span> <span class='ocrx_word' id='word_1_116' title='bbox 432 2141 573 2188; x_wconf 74' lang='lat' dir='ltr'>avarus</span> <span class='ocrx_word' id='word_1_117' title='bbox 599 2141 660 2188; x_wconf 86' lang='lat' dir='ltr'>uns</span> <span class='ocrx_word' id='word_1_118' title='bbox 683 2140 841 2189; x_wconf 72' lang='lat' dir='ltr'>necamur</span> <span class='ocrx_word' id='word_1_119' title='bbox 865 2139 1163 2201; x_wconf 73' lang='lat' dir='ltr'>nnonuena&#39;rroues,</span> <span class='ocrx_word' id='word_1_120' title='bbox 1190 2141 1248 2188; x_wconf 79' lang='lat' dir='ltr'>seu</span> <span class='ocrx_word' id='word_1_121' title='bbox 1275 2143 1314 2189; x_wconf 80' lang='lat' dir='ltr'>nn</span> <span class='ocrx_word' id='word_1_122' title='bbox 1338 2144 1407 2190; x_wconf 81' lang='lat' dir='ltr'>uuo</span> 
     </span>
     <span class='ocr_line' id='line_1_16' title="bbox 339 2246 1408 2308; baseline 0.004 -16"><span class='ocrx_word' id='word_1_123' title='bbox 339 2247 380 2292; x_wconf 77' lang='lat' dir='ltr'>nn</span> <span class='ocrx_word' id='word_1_124' title='bbox 410 2248 540 2308; x_wconf 61' lang='lat' dir='ltr'>nonnam</span> <span class='ocrx_word' id='word_1_125' title='bbox 572 2248 612 2294; x_wconf 78' lang='grc' dir='ltr'>ΕΤ</span> <span class='ocrx_word' id='word_1_126' title='bbox 647 2247 815 2294; x_wconf 76' lang='lat' dir='ltr'>exposrno</span> <span class='ocrx_word' id='word_1_127' title='bbox 847 2246 1078 2294; x_wconf 78' lang='lat' dir='ltr'>uenunrconuu</span> <span class='ocrx_word' id='word_1_128' title='bbox 1106 2247 1262 2294; x_wconf 81' lang='lat' dir='ltr'>uonruuu</span> <span class='ocrx_word' id='word_1_129' title='bbox 1295 2250 1408 2296; x_wconf 79' lang='lat' dir='ltr'>eonuu</span> 
     </span>
     <span class='ocr_line' id='line_1_17' title="bbox 338 2333 1407 2423; baseline 0.001 -22"><span class='ocrx_word' id='word_1_130' title='bbox 338 2355 427 2408; x_wconf 76' lang='lat' dir='ltr'>Quae</span> <span class='ocrx_word' id='word_1_131' title='bbox 444 2356 475 2401; x_wconf 87' lang='lat' dir='ltr'>m</span> <span class='ocrx_word' id='word_1_132' title='bbox 497 2355 670 2402; x_wconf 76' lang='lat' dir='ltr'>nnonuems</span> <span class='ocrx_word' id='word_1_133' title='bbox 689 2355 800 2401; x_wconf 78' lang='lat' dir='ltr'>nosrrn</span> <span class='ocrx_word' id='word_1_134' title='bbox 819 2355 912 2400; x_wconf 77' lang='lat' dir='ltr'>suun.</span> <span class='ocrx_word' id='word_1_135' title='bbox 959 2333 998 2400; x_wconf 88' lang='lat' dir='ltr'>Et</span> <span class='ocrx_word' id='word_1_136' title='bbox 1010 2334 1121 2422; x_wconf 88' lang='lat' dir='ltr'>reliqui</span> <span class='ocrx_word' id='word_1_137' title='bbox 1135 2347 1241 2401; x_wconf 87' lang='lat' dir='ltr'>autem</span> <span class='ocrx_word' id='word_1_138' title='bbox 1258 2337 1310 2423; x_wconf 93' lang='lat' dir='ltr'>qui</span> <span class='ocrx_word' id='word_1_139' title='bbox 1327 2334 1407 2402; x_wconf 86' lang='lat' dir='ltr'>falso</span> 
     </span>
     <span class='ocr_line' id='line_1_18' title="bbox 337 2439 1407 2530; baseline 0 -22"><span class='ocrx_word' id='word_1_140' title='bbox 337 2443 467 2508; x_wconf 90' lang='lat' dir='ltr'>nornine</span> <span class='ocrx_word' id='word_1_141' title='bbox 491 2442 637 2510; x_wconf 88' lang='lat' dir='ltr'>Gnostici</span> <span class='ocrx_word' id='word_1_142' title='bbox 669 2440 825 2524; x_wconf 88' lang='lat' dir='ltr'>dicuntur,</span> <span class='ocrx_word' id='word_1_143' title='bbox 857 2442 910 2529; x_wconf 92' lang='lat' dir='ltr'>qui</span> <span class='ocrx_word' id='word_1_144' title='bbox 933 2439 1101 2530; x_wconf 90' lang='lat' dir='ltr'>prophetas</span> <span class='ocrx_word' id='word_1_145' title='bbox 1129 2465 1167 2508; x_wconf 85' lang='lat' dir='ltr'>ex</span> <span class='ocrx_word' id='word_1_146' title='bbox 1189 2441 1323 2509; x_wconf 88' lang='lat' dir='ltr'>diversis</span> <span class='ocrx_word' id='word_1_147' title='bbox 1345 2442 1407 2510; x_wconf 91' lang='lat' dir='ltr'>diis</span> 
     </span>
     <span class='ocr_line' id='line_1_19' title="bbox 337 2545 1406 2639; baseline 0.001 -24"><span class='ocrx_word' id='word_1_148' title='bbox 337 2549 515 2637; x_wconf 86' lang='lat' dir='ltr'>prophetias</span> <span class='ocrx_word' id='word_1_149' title='bbox 539 2548 650 2616; x_wconf 89' lang='lat' dir='ltr'>fecisse</span> <span class='ocrx_word' id='word_1_150' title='bbox 673 2548 832 2632; x_wconf 78' lang='lat' dir='ltr'>dicunt,(²)</span> <span class='ocrx_word' id='word_1_151' title='bbox 856 2545 945 2615; x_wconf 85' lang='lat' dir='ltr'>facile</span> <span class='ocrx_word' id='word_1_152' title='bbox 964 2545 1164 2614; x_wconf 88' lang='lat' dir='ltr'>destruentur</span> <span class='ocrx_word' id='word_1_153' title='bbox 1180 2571 1218 2614; x_wconf 82' lang='lat' dir='ltr'>ex</span> <span class='ocrx_word' id='word_1_154' title='bbox 1233 2548 1305 2632; x_wconf 88' lang='lat' dir='ltr'>hoc,</span> <span class='ocrx_word' id='word_1_155' title='bbox 1321 2548 1406 2639; x_wconf 95' lang='lat' dir='ltr'>quod</span> 
     </span>
     <span class='ocr_line' id='line_1_20' title="bbox 337 2653 1406 2744; baseline 0.001 -23"><span class='ocrx_word' id='word_1_156' title='bbox 337 2678 449 2722; x_wconf 90' lang='lat' dir='ltr'>omnes</span> <span class='ocrx_word' id='word_1_157' title='bbox 461 2655 629 2744; x_wconf 80' lang='lat' dir='ltr'>prophetae</span> <span class='ocrx_word' id='word_1_158' title='bbox 643 2679 741 2722; x_wconf 92' lang='lat' dir='ltr'>unum</span> <span class='ocrx_word' id='word_1_159' title='bbox 754 2656 859 2721; x_wconf 88' lang='lat' dir='ltr'>Deum</span> <span class='ocrx_word' id='word_1_160' title='bbox 872 2671 903 2721; x_wconf 87' lang='lat' dir='ltr'>et</span> <span class='ocrx_word' id='word_1_161' title='bbox 916 2654 1094 2721; x_wconf 90' lang='lat' dir='ltr'>Dominum</span> <span class='ocrx_word' id='word_1_162' title='bbox 1107 2653 1362 2743; x_wconf 86' lang='lat' dir='ltr'>praedicaverint,</span> <span class='ocrx_word' id='word_1_163' title='bbox 1375 2673 1406 2722; x_wconf 91' lang='lat' dir='ltr'>et</span> 
     </span>
     <span class='ocr_line' id='line_1_21' title="bbox 336 2761 1404 2850; baseline 0.003 -23"><span class='ocrx_word' id='word_1_164' title='bbox 336 2761 441 2850; x_wconf 91' lang='lat' dir='ltr'>ipsum</span> <span class='ocrx_word' id='word_1_165' title='bbox 461 2761 611 2829; x_wconf 83' lang='lat' dir='ltr'>factorem</span> <span class='ocrx_word' id='word_1_166' title='bbox 631 2761 708 2828; x_wconf 85' lang='lat' dir='ltr'>caeli</span> <span class='ocrx_word' id='word_1_167' title='bbox 728 2778 759 2827; x_wconf 89' lang='lat' dir='ltr'>et</span> <span class='ocrx_word' id='word_1_168' title='bbox 776 2778 876 2828; x_wconf 89' lang='lat' dir='ltr'>terrae</span> <span class='ocrx_word' id='word_1_169' title='bbox 892 2777 922 2827; x_wconf 90' lang='lat' dir='ltr'>et</span> <span class='ocrx_word' id='word_1_170' title='bbox 938 2762 1084 2827; x_wconf 90' lang='lat' dir='ltr'>omnium</span> <span class='ocrx_word' id='word_1_171' title='bbox 1104 2764 1236 2849; x_wconf 88' lang='lat' dir='ltr'>quaein</span> <span class='ocrx_word' id='word_1_172' title='bbox 1256 2763 1300 2828; x_wconf 91' lang='lat' dir='ltr'>eis</span> <span class='ocrx_word' id='word_1_173' title='bbox 1320 2781 1404 2844; x_wconf 89' lang='lat' dir='ltr'>sunt,</span> 
     </span>
     <span class='ocr_line' id='line_1_22' title="bbox 335 2863 1404 2957; baseline 0.003 -24"><span class='ocrx_word' id='word_1_174' title='bbox 335 2885 365 2934; x_wconf 88' lang='lat' dir='ltr'>et</span> <span class='ocrx_word' id='word_1_175' title='bbox 383 2867 468 2957; x_wconf 94' lang='lat' dir='ltr'>quod</span> <span class='ocrx_word' id='word_1_176' title='bbox 487 2867 657 2936; x_wconf 84' lang='lat' dir='ltr'>adventum</span> <span class='ocrx_word' id='word_1_177' title='bbox 678 2867 748 2935; x_wconf 88' lang='lat' dir='ltr'>Filii</span> <span class='ocrx_word' id='word_1_178' title='bbox 768 2867 834 2933; x_wconf 90' lang='lat' dir='ltr'>eius</span> <span class='ocrx_word' id='word_1_179' title='bbox 851 2863 1108 2955; x_wconf 85' lang='lat' dir='ltr'>significaverint,</span> <span class='ocrx_word' id='word_1_180' title='bbox 1125 2866 1298 2935; x_wconf 88' lang='lat' dir='ltr'>secundum</span> <span class='ocrx_word' id='word_1_181' title='bbox 1318 2868 1404 2955; x_wconf 92' lang='lat' dir='ltr'>quod</span> 
     </span>
     <span class='ocr_line' id='line_1_23' title="bbox 335 2971 1403 3062; baseline 0.001 -23"><span class='ocrx_word' id='word_1_182' title='bbox 335 2997 372 3039; x_wconf 87' lang='lat' dir='ltr'>ex</span> <span class='ocrx_word' id='word_1_183' title='bbox 388 2975 462 3062; x_wconf 90' lang='lat' dir='ltr'>ipsis</span> <span class='ocrx_word' id='word_1_184' title='bbox 478 2972 766 3041; x_wconf 86' lang='lat' dir='ltr'>demonstrabimus</span> <span class='ocrx_word' id='word_1_185' title='bbox 783 2972 951 3061; x_wconf 90' lang='lat' dir='ltr'>Scripturis</span> <span class='ocrx_word' id='word_1_186' title='bbox 970 2973 1003 3038; x_wconf 93' lang='lat' dir='ltr'>in</span> <span class='ocrx_word' id='word_1_187' title='bbox 1022 2971 1110 3044; x_wconf 85' lang='lat' dir='ltr'>libris¹</span> <span class='ocrx_word' id='word_1_188' title='bbox 1128 2974 1403 3061; x_wconf 90' lang='lat' dir='ltr'>consequentibus.</span> 
     </span>
    </p>

    <p class='ocr_par' dir='ltr' id='par_1_4' title="bbox 334 3077 1403 3600">
     <span class='ocr_line' id='line_1_24' title="bbox 405 3077 1402 3169; baseline 0.001 -21"><span class='ocrx_word' id='word_1_189' title='bbox 405 3103 433 3167; x_wconf 82' lang='lat'>3.</span> <span class='ocrx_word' id='word_1_190' title='bbox 458 3083 491 3149; x_wconf 90' lang='lat' dir='ltr'>Si</span> <span class='ocrx_word' id='word_1_191' title='bbox 515 3098 620 3148; x_wconf 88' lang='lat' dir='ltr'>autem</span> <span class='ocrx_word' id='word_1_192' title='bbox 644 3079 772 3168; x_wconf 89' lang='lat' dir='ltr'>quidam</span> <span class='ocrx_word' id='word_1_193' title='bbox 802 3078 976 3146; x_wconf 88' lang='lat' dir='ltr'>secundum</span> <span class='ocrx_word' id='word_1_194' title='bbox 1000 3077 1166 3146; x_wconf 86' lang='lat' dir='ltr'>hebraeam</span> <span class='ocrx_word' id='word_1_195' title='bbox 1191 3081 1330 3169; x_wconf 87' lang='lat' dir='ltr'>linguam</span> <span class='ocrx_word' id='word_1_196' title='bbox 1357 3079 1402 3149; x_wconf 92' lang='lat' dir='ltr'>di-</span> 
     </span>
     <span class='ocr_line' id='line_1_25' title="bbox 335 3186 1403 3276; baseline -0.001 -21"><span class='ocrx_word' id='word_1_197' title='bbox 335 3211 424 3256; x_wconf 86' lang='lat' dir='ltr'>verse</span> <span class='ocrx_word' id='word_1_198' title='bbox 447 3187 600 3256; x_wconf 89' lang='lat' dir='ltr'>dictiones</span> <span class='ocrx_word' id='word_1_199' title='bbox 630 3189 746 3276; x_wconf 88' lang='lat' dir='ltr'>positas</span> <span class='ocrx_word' id='word_1_200' title='bbox 776 3188 809 3252; x_wconf 94' lang='lat' dir='ltr'>in</span> <span class='ocrx_word' id='word_1_201' title='bbox 839 3187 1008 3275; x_wconf 88' lang='lat' dir='ltr'>Scripturis</span> <span class='ocrx_word' id='word_1_202' title='bbox 1042 3204 1212 3274; x_wconf 87' lang='lat' dir='ltr'>opponant,</span> <span class='ocrx_word' id='word_1_203' title='bbox 1241 3186 1333 3274; x_wconf 90' lang='lat' dir='ltr'>quale</span> <span class='ocrx_word' id='word_1_204' title='bbox 1355 3205 1403 3255; x_wconf 92' lang='lat' dir='ltr'>est</span> 
     </span>
     <span class='ocr_line' id='line_1_26' title="bbox 335 3291 1400 3382; baseline -0.002 -19"><span class='ocrx_word' id='word_1_205' title='bbox 335 3293 481 3378; x_wconf 87' lang='lat' dir='ltr'>Sabaoth,</span> <span class='ocrx_word' id='word_1_206' title='bbox 505 3311 535 3362; x_wconf 89' lang='lat' dir='ltr'>et</span> <span class='ocrx_word' id='word_1_207' title='bbox 559 3295 645 3376; x_wconf 85' lang='lat' dir='ltr'>Eloe,</span> <span class='ocrx_word' id='word_1_208' title='bbox 669 3313 699 3361; x_wconf 90' lang='lat' dir='ltr'>et</span> <span class='ocrx_word' id='word_1_209' title='bbox 718 3293 852 3376; x_wconf 85' lang='lat' dir='ltr'>Adonai,</span> <span class='ocrx_word' id='word_1_210' title='bbox 872 3311 903 3360; x_wconf 87' lang='lat' dir='ltr'>et</span> <span class='ocrx_word' id='word_1_211' title='bbox 923 3293 980 3360; x_wconf 85' lang='lat' dir='ltr'>alia</span> <span class='ocrx_word' id='word_1_212' title='bbox 997 3291 1215 3382; x_wconf 89' lang='lat' dir='ltr'>quaecumque</span> <span class='ocrx_word' id='word_1_213' title='bbox 1231 3310 1303 3360; x_wconf 92' lang='lat' dir='ltr'>sunt</span> <span class='ocrx_word' id='word_1_214' title='bbox 1319 3294 1400 3378; x_wconf 83' lang='lat' dir='ltr'>talia,</span> 
     </span>
     <span class='ocr_line' id='line_1_27' title="bbox 334 3400 1400 3490; baseline 0.001 -22"><span class='ocrx_word' id='word_1_215' title='bbox 334 3426 372 3470; x_wconf 80' lang='lat' dir='ltr'>ex</span> <span class='ocrx_word' id='word_1_216' title='bbox 395 3403 443 3470; x_wconf 92' lang='lat' dir='ltr'>his</span> <span class='ocrx_word' id='word_1_217' title='bbox 467 3401 630 3470; x_wconf 87' lang='lat' dir='ltr'>ostendere</span> <span class='ocrx_word' id='word_1_218' title='bbox 654 3401 847 3469; x_wconf 88' lang='lat' dir='ltr'>elaborantes</span> <span class='ocrx_word' id='word_1_219' title='bbox 870 3400 1009 3468; x_wconf 85' lang='lat' dir='ltr'>diversas</span> <span class='ocrx_word' id='word_1_220' title='bbox 1032 3402 1163 3468; x_wconf 86' lang='lat' dir='ltr'>virtutes</span> <span class='ocrx_word' id='word_1_221' title='bbox 1194 3417 1286 3490; x_wconf 86' lang='lat' dir='ltr'>atque</span> <span class='ocrx_word' id='word_1_222' title='bbox 1309 3400 1400 3469; x_wconf 92' lang='lat' dir='ltr'>deos:</span> 
     </span>
     <span class='ocr_line' id='line_1_28' title="bbox 334 3507 1401 3600; baseline 0 -24"><span class='ocrx_word' id='word_1_223' title='bbox 334 3508 452 3577; x_wconf 89' lang='lat' dir='ltr'>discant</span> <span class='ocrx_word' id='word_1_224' title='bbox 475 3511 625 3600; x_wconf 90' lang='lat' dir='ltr'>quoniam</span> <span class='ocrx_word' id='word_1_225' title='bbox 649 3511 742 3576; x_wconf 91' lang='lat' dir='ltr'>unius</span> <span class='ocrx_word' id='word_1_226' title='bbox 765 3525 795 3575; x_wconf 91' lang='lat' dir='ltr'>et</span> <span class='ocrx_word' id='word_1_227' title='bbox 814 3509 911 3597; x_wconf 93' lang='lat' dir='ltr'>ipsius</span> <span class='ocrx_word' id='word_1_228' title='bbox 932 3507 1174 3598; x_wconf 85' lang='lat' dir='ltr'>significationes</span> <span class='ocrx_word' id='word_1_229' title='bbox 1193 3525 1223 3576; x_wconf 90' lang='lat' dir='ltr'>et</span> <span class='ocrx_word' id='word_1_230' title='bbox 1241 3533 1401 3598; x_wconf 87' lang='lat' dir='ltr'>nuncupa·</span> 
     </span>
    </p>
   </div>
   <div class='ocr_carea' id='block_1_3' title="bbox 284 3615 1401 3700">
    <p class='ocr_par' dir='ltr' id='par_1_5' title="bbox 284 3615 1401 3700">
     <span class='ocr_line' id='line_1_29' title="bbox 284 3615 1401 3700; baseline 0 -15"><span class='ocrx_word' id='word_1_231' title='bbox 284 3629 286 3632; x_wconf 82' lang='grc'><strong>’</strong></span> <span class='ocrx_word' id='word_1_232' title='bbox 334 3619 435 3686; x_wconf 90' lang='lat' dir='ltr'>tiones</span> <span class='ocrx_word' id='word_1_233' title='bbox 454 3635 526 3685; x_wconf 87' lang='lat' dir='ltr'>sunt</span> <span class='ocrx_word' id='word_1_234' title='bbox 541 3619 648 3684; x_wconf 89' lang='lat' dir='ltr'>omnia</span> <span class='ocrx_word' id='word_1_235' title='bbox 662 3615 854 3700; x_wconf 84' lang='lat' dir='ltr'>huiusmodi.</span> <span class='ocrx_word' id='word_1_236' title='bbox 902 3616 1000 3698; x_wconf 89' lang='lat' dir='ltr'>Quod</span> <span class='ocrx_word' id='word_1_237' title='bbox 1015 3618 1101 3682; x_wconf 88' lang='lat' dir='ltr'>enim</span> <span class='ocrx_word' id='word_1_238' title='bbox 1116 3616 1231 3682; x_wconf 90' lang='lat' dir='ltr'>dicitur</span> <span class='ocrx_word' id='word_1_239' title='bbox 1246 3616 1332 3700; x_wconf 85' lang='lat' dir='ltr'>Eloe,</span> <span class='ocrx_word' id='word_1_240' title='bbox 1351 3641 1401 3684; x_wconf 87' lang='lat' dir='ltr'>se-</span> 
     </span>
    </p>
   </div>
   <div class='ocr_carea' id='block_1_4' title="bbox 328 3721 1399 3812">
    <p class='ocr_par' dir='ltr' id='par_1_6' title="bbox 328 3721 1399 3812">
     <span class='ocr_line' id='line_1_30' title="bbox 328 3721 1399 3812; baseline -0.007 -14"><span class='ocrx_word' id='word_1_241' title='bbox 328 3725 470 3798; x_wconf 86' lang='lat' dir='ltr'>cundum</span> <span class='ocrx_word' id='word_1_242' title='bbox 487 3724 770 3812; x_wconf 87' lang='lat' dir='ltr'>iudaicamvocem</span> <span class='ocrx_word' id='word_1_243' title='bbox 788 3725 892 3790; x_wconf 91' lang='lat' dir='ltr'>Deum</span> <span class='ocrx_word' id='word_1_244' title='bbox 909 3721 1114 3812; x_wconf 62' lang='lat' dir='ltr'>significato&gt;</span> <span class='ocrx_word' id='word_1_245' title='bbox 1129 3739 1159 3790; x_wconf 92' lang='lat' dir='ltr'>et</span> <span class='ocrx_word' id='word_1_246' title='bbox 1175 3723 1270 3790; x_wconf 85' lang='lat' dir='ltr'>Eloae</span> <span class='ocrx_word' id='word_1_247' title='bbox 1288 3747 1399 3791; x_wconf 87' lang='lat' dir='ltr'>verum</span> 
     </span>
    </p>
   </div>
   <div class='ocr_carea' id='block_1_5' title="bbox 331 3937 1399 4350">
    <p class='ocr_par' dir='ltr' id='par_1_7' title="bbox 331 3937 1399 4350">
     <span class='ocr_line' id='line_1_31' title="bbox 370 3937 1145 4010; baseline -0.004 -17"><span class='ocrx_word' id='word_1_248' title='bbox 370 3943 411 4008; x_wconf 91' lang='lat' dir='ltr'>(r)</span> <span class='ocrx_word' id='word_1_249' title='bbox 431 3938 484 3993; x_wconf 84' lang='lat' dir='ltr'>Cir.</span> <span class='ocrx_word' id='word_1_250' title='bbox 509 3957 579 4010; x_wconf 89' lang='lat' dir='ltr'>supr.</span> <span class='ocrx_word' id='word_1_251' title='bbox 603 3953 661 4004; x_wconf 76' lang='lat' dir='ltr'>xva,</span> <span class='ocrx_word' id='word_1_252' title='bbox 688 3955 712 4004; x_wconf 89' lang='lat'>2,</span> <span class='ocrx_word' id='word_1_253' title='bbox 731 3953 755 4004; x_wconf 85' lang='grc'>4.</span> <span class='ocrx_word' id='word_1_254' title='bbox 799 3937 838 3990; x_wconf 90' lang='lat' dir='ltr'>lbi</span> <span class='ocrx_word' id='word_1_255' title='bbox 892 3939 929 4006; x_wconf 91' lang='lat' dir='ltr'>(p.</span> <span class='ocrx_word' id='word_1_256' title='bbox 951 3949 1087 4004; x_wconf 81' lang='lat' dir='ltr'>255,n0t.</span> <span class='ocrx_word' id='word_1_257' title='bbox 1109 3938 1145 4006; x_wconf 88' lang='lat'>2).</span> 
     </span>
     <span class='ocr_line' id='line_1_32' title="bbox 333 4021 1318 4094; baseline 0 -18"><span class='ocrx_word' id='word_1_258' title='bbox 333 4043 396 4079; x_wconf 89' lang='lat' dir='ltr'>vero</span> <span class='ocrx_word' id='word_1_259' title='bbox 415 4023 532 4078; x_wconf 86' lang='lat' dir='ltr'>infinitos</span> <span class='ocrx_word' id='word_1_260' title='bbox 551 4026 638 4078; x_wconf 88' lang='lat' dir='ltr'>caelos</span> <span class='ocrx_word' id='word_1_261' title='bbox 658 4041 672 4076; x_wconf 92' lang='lat' dir='ltr'>a</span> <span class='ocrx_word' id='word_1_262' title='bbox 690 4035 764 4094; x_wconf 87' lang='lat' dir='ltr'>parte</span> <span class='ocrx_word' id='word_1_263' title='bbox 782 4029 839 4075; x_wconf 79' lang='lat' dir='ltr'>ante</span> <span class='ocrx_word' id='word_1_264' title='bbox 929 4023 970 4090; x_wconf 82' lang='lat'>(2)</span> <span class='ocrx_word' id='word_1_265' title='bbox 990 4021 1044 4074; x_wconf 88' lang='lat' dir='ltr'>Csr.</span> <span class='ocrx_word' id='word_1_266' title='bbox 1066 4039 1134 4093; x_wconf 89' lang='lat' dir='ltr'>supr.</span> <span class='ocrx_word' id='word_1_267' title='bbox 1154 4022 1174 4086; x_wconf 90' lang='lat'>1,</span> <span class='ocrx_word' id='word_1_268' title='bbox 1193 4036 1261 4086; x_wconf 81' lang='lat' dir='ltr'>xxx,</span> <span class='ocrx_word' id='word_1_269' title='bbox 1280 4039 1318 4076; x_wconf 88' lang='lat' dir='ltr'>rr.</span> 
     </span>
     <span class='ocr_line' id='line_1_33' title="bbox 332 4089 1399 4179; baseline -0.002 -17"><span class='ocrx_word' id='word_1_270' title='bbox 332 4109 461 4163; x_wconf 88' lang='lat' dir='ltr'>ostendit:</span> <span class='ocrx_word' id='word_1_271' title='bbox 482 4108 525 4162; x_wconf 90' lang='lat' dir='ltr'>hic</span> <span class='ocrx_word' id='word_1_272' title='bbox 544 4126 607 4162; x_wconf 84' lang='lat' dir='ltr'>vero</span> <span class='ocrx_word' id='word_1_273' title='bbox 620 4125 634 4160; x_wconf 83' lang='lat' dir='ltr'>a</span> <span class='ocrx_word' id='word_1_274' title='bbox 649 4119 721 4178; x_wconf 87' lang='lat' dir='ltr'>parte</span> <span class='ocrx_word' id='word_1_275' title='bbox 730 4113 793 4179; x_wconf 77' lang='lat' dir='ltr'>pust.</span> <span class='ocrx_word' id='word_1_276' title='bbox 803 4137 839 4146; x_wconf 90' lang='lat'>-—</span> <span class='ocrx_word' id='word_1_277' title='bbox 929 4109 971 4175; x_wconf 85' lang='lat'>(3)</span> <span class='ocrx_word' id='word_1_278' title='bbox 989 4091 1074 4178; x_wconf 52' lang='lat'>,755⁸</span> <span class='ocrx_word' id='word_1_279' title='bbox 1089 4089 1191 4162; x_wconf 71' lang='lat' dir='ltr'>cerium</span> <span class='ocrx_word' id='word_1_280' title='bbox 1211 4118 1250 4160; x_wconf 89' lang='lat' dir='ltr'>est</span> <span class='ocrx_word' id='word_1_281' title='bbox 1266 4105 1347 4159; x_wconf 82' lang='lat' dir='ltr'>Deum</span> <span class='ocrx_word' id='word_1_282' title='bbox 1364 4108 1399 4160; x_wconf 92' lang='lat' dir='ltr'>si·</span> 
     </span>
     <span class='ocr_line' id='line_1_34' title="bbox 332 4189 1398 4264; baseline -0.002 -17"><span class='ocrx_word' id='word_1_283' title='bbox 332 4195 363 4246; x_wconf 91' lang='lat' dir='ltr'>In</span> <span class='ocrx_word' id='word_1_284' title='bbox 386 4193 513 4264; x_wconf 87' lang='lat' dir='ltr'>proximis</span> <span class='ocrx_word' id='word_1_285' title='bbox 531 4211 561 4246; x_wconf 80' lang='lat' dir='ltr'>ex</span> <span class='ocrx_word' id='word_1_286' title='bbox 580 4193 679 4262; x_wconf 76' lang='lat' dir='ltr'>defluxu</span> <span class='ocrx_word' id='word_1_287' title='bbox 698 4209 784 4262; x_wconf 85' lang='lat' dir='ltr'>graec.</span> <span class='ocrx_word' id='word_1_288' title='bbox 807 4195 839 4244; x_wconf 76' lang='grc' dir='ltr'>ἐκ</span> <span class='ocrx_word' id='word_1_289' title='bbox 892 4189 1025 4260; x_wconf 85' lang='lat' dir='ltr'>gnificare.</span> <span class='ocrx_word' id='word_1_290' title='bbox 1075 4189 1115 4244; x_wconf 87' lang='lat' dir='ltr'>De</span> <span class='ocrx_word' id='word_1_291' title='bbox 1139 4207 1191 4264; x_wconf 93' lang='lat' dir='ltr'>quo</span> <span class='ocrx_word' id='word_1_292' title='bbox 1215 4191 1324 4244; x_wconf 88' lang='lat' dir='ltr'>nomine</span> <span class='ocrx_word' id='word_1_293' title='bbox 1352 4190 1398 4245; x_wconf 88' lang='lat' dir='ltr'>cfr.</span> 
     </span>
     <span class='ocr_line' id='line_1_35' title="bbox 331 4273 1328 4350; baseline -0.001 -19"><span class='ocrx_word' id='word_1_294' title='bbox 331 4282 473 4346; x_wconf 66' lang='grc' dir='ltr'><strong>ἀπορροίας</strong></span> <span class='ocrx_word' id='word_1_295' title='bbox 492 4278 525 4331; x_wconf 92' lang='lat' dir='ltr'>de</span> <span class='ocrx_word' id='word_1_296' title='bbox 544 4295 595 4350; x_wconf 86' lang='lat' dir='ltr'>qua</span> <span class='ocrx_word' id='word_1_297' title='bbox 616 4276 662 4330; x_wconf 86' lang='lat' dir='ltr'>cfr.</span> <span class='ocrx_word' id='word_1_298' title='bbox 682 4277 702 4342; x_wconf 90' lang='lat' dir='ltr'>I,</span> <span class='ocrx_word' id='word_1_299' title='bbox 721 4290 800 4341; x_wconf 83' lang='lat' dir='ltr'>xxrv,</span> <span class='ocrx_word' id='word_1_300' title='bbox 824 4291 836 4344; x_wconf 83' lang='lat'>3</span> <span class='ocrx_word' id='word_1_301' title='bbox 893 4275 1005 4341; x_wconf 77' lang='lat' dir='ltr'>Krr&#39;rnn,</span> <span class='ocrx_word' id='word_1_302' title='bbox 1024 4275 1052 4328; x_wconf 89' lang='lat' dir='ltr'>in</span> <span class='ocrx_word' id='word_1_303' title='bbox 1072 4275 1196 4330; x_wconf 67' lang='lat' dir='ltr'>ananau</span> <span class='ocrx_word' id='word_1_304' title='bbox 1214 4275 1247 4340; x_wconf 90' lang='lat' dir='ltr'>V,</span> <span class='ocrx_word' id='word_1_305' title='bbox 1269 4273 1328 4344; x_wconf 82' lang='lat'>316.</span> 
     </span>
    </p>
   </div>
   <div class='ocr_carea' id='block_1_6' title="bbox 0 0 1624 5090">
    <p class='ocr_par' dir='ltr' id='par_1_8' title="bbox 0 0 1624 5090">
     <span class='ocr_line' id='line_1_36' title="bbox 0 0 1624 5090; baseline 0 5"><span class='ocrx_word' id='word_1_306' title='bbox 0 0 1624 5090; x_wconf 95' lang='lat' dir='ltr'> </span> 
     </span>
    </p>
   </div>
  </div>
 </body>
</html>
