3238 5090
185 516 292 584 (xllx,
315 516 403 586 1-3).]
578 519 668 564 trunti
691 519 855 580 sncuuous
1189 505 1250 586 461

184 710 298 793 simile,
314 734 415 799 neque
431 709 605 777 secundum
625 710 740 800 aliquid
759 712 792 777 in
808 715 1078 800 comparationem
1097 712 1181 801 quod
1201 737 1254 778 ue-

184 818 251 883 nire
268 817 376 904 possit,
393 816 540 906 perficere
560 818 772 885 inveniuntur.
820 817 881 885 Sed
897 834 927 884 et
946 820 971 884 si
991 817 1106 906 aliquid
1127 818 1253 900 faciunt,

184 946 239 1010 per
258 926 425 1012 magicam,
442 924 712 1012 quemadmodum
732 924 879 1006 diximus,
896 927 1028 1013 operati,
1044 924 1254 992 fraudulenter

184 1028 331 1097 seducere
355 1031 496 1098 nituntur
519 1033 710 1098 insensatos:
729 1030 866 1098 fructum
885 1031 1014 1119 quidem
1034 1048 1065 1098 et
1088 1033 1253 1099 utilitatem

184 1137 304 1203 nullam
335 1154 537 1225 praestantes,
561 1140 592 1204 in
622 1162 703 1228 quos
726 1139 856 1204 virtutes
887 1136 1036 1225 perficere
1065 1161 1098 1205 se
1127 1138 1251 1219 dicuut;

184 1241 371 1311 adducentes
390 1262 495 1311 autem
515 1267 628 1332 pueros
646 1244 824 1310 investese)
840 1261 869 1311 et
888 1244 999 1311 oculos
1014 1242 1205 1328 deludentes,
1222 1261 1252 1312 et

184 1349 400 1436 phantasmata
415 1349 614 1417 ostendentes
630 1351 735 1417 statim
755 1352 917 1434 cessantia,
933 1367 962 1417 et
983 1374 1023 1417 ne
1037 1351 1166 1440 quidem
1185 1352 1253 1418 stil-

185 1456 290 1523 licidio
313 1459 466 1545 temporis
478 1457 511 1510 (²)
533 1459 773 1545 perseverantia,
790 1481 853 1524 non
873 1458 944 1524 Iesu
968 1459 1111 1525 Domino
1130 1475 1251 1539 nostro,

184 1563 238 1630 sed
263 1564 385 1630 Simoni
409 1587 504 1652 mago
529 1549 647 1630 similes
671 1562 887 1631 ostenduntur.
934 1564 972 1630 Et
999 1589 1037 1630 ex
1059 1563 1121 1632 hoc
1145 1582 1249 1632 autem

184 1667 268 1756 quod
300 1669 459 1736 Dominus
484 1671 617 1738 surrexit
644 1693 661 1735 a
692 1673 828 1737 mortuis
861 1672 893 1736 in
923 1671 1011 1738 tertia
1034 1670 1094 1752 die,
1118 1670 1249 1738 firmum

184 1775 304 1856 esse,(³l
327 1791 358 1842 et
387 1772 547 1862 discipulis
571 1799 603 1842 se
634 1775 856 1859 manifestavit,
880 1793 910 1844 et
933 1775 1109 1843 videntibus
1133 1779 1178 1844 eis
1202 1800 1250 1844 re-

184 1897 291 1969 ceptus
315 1897 361 1950 est
384 1884 417 1949 in
439 1883 573 1964 caelum,
596 1882 680 1970 quod
711 1885 770 1970 ipsi
797 1884 978 1964 morientes,
1002 1900 1032 1952 et
1060 1907 1124 1950 uon
1148 1906 1249 1950 resur-

183 2006 302 2075 gentes,
326 2012 426 2078 neque
457 1988 645 2056 manifestati
675 1987 873 2078 quibusdam,
898 2009 1071 2080 arguuntur
1102 1991 1134 2056 in
1161 1991 1249 2058 nullo

183 2096 304 2160 similes
323 2095 472 2163 habentes
490 2097 560 2162 lesu
581 2097 751 2163 animas(⁴)

250 2225 280 2285 4.
305 2200 409 2290 [WH.
426 2201 547 2282 XLIX,
564 2201 608 2292 3].
656 2202 688 2268 Si
707 2217 812 2268 autern
832 2218 862 2269 et
882 2203 1058 2270 Dominum
1079 2227 1134 2292 per
1151 2203 1250 2293 phan-

183 2323 313 2373 tasmata
332 2307 512 2374 huiusmodi
536 2307 646 2374 fecisse
664 2307 782 2389 dicunt,
802 2307 839 2375 ad
862 2309 1042 2397 prophetica
1066 2309 1248 2378 reducentes

183 2435 238 2478 eos
253 2436 290 2478 ex
313 2415 388 2502 ipsis
404 2411 704 2496 demonstrabimus
723 2417 830 2482 omnia
854 2418 897 2482 sic
917 2414 955 2482 de
979 2439 1017 2482 eo
1041 2433 1070 2483 et
1093 2415 1249 2504 praedicta

182 2541 261 2602 esse,
278 2535 307 2586 et
324 2518 403 2586 facta
419 2519 612 2601 firmissime,
629 2538 659 2586 et
674 2523 779 2608 ipsum
796 2522 901 2587 solum
916 2545 983 2586 esse
1004 2521 1117 2588 Filium
1137 2523 1207 2588 Dei.
1215 2523 1249 2576 (ἰ)

248 2661 287 2727 El
308 2662 387 2726 δὲ(4)
408 2666 461 2727 καὶ
482 2667 533 2728 τὸν
557 2665 668 2749 Κύριον
690 2665 901 2748 φαντασιωδῶς
924 2667 1101 2728 τὰτοιαῦτα
1124 2685 1247 2750 πεποιη-

181 2767 266 2834 κέναι
288 2770 444 2855 φήσουσιν,
461 2771 511 2835 inl
528 2775 566 2835 aa
588 2774 759 2856 προφητικὰ
780 2771 942 2856 ἀνάγοντες
964 2770 1133 2853 adeodate
1151 2774 1248 2839 auron

182 2875 364 2962 ἐπιδείξομεν
382 2877 481 2941 πάντα
495 2881 587 2954 οὕτως
602 2878 671 2962 περὶ
685 2879 777 2942 αὐτοῦ
792 2879 845 2941 καὶ
866 2877 1067 2963 προειρῆσθαι
1088 2879 1140 2942 καὶ
1161 2898 1248 2963 γεγο-

180 2982 261 3048 νέναι
277 2982 402 3070 βεβαίως
420 2985 473 3047 καὶ
495 2987 584 3048 αὐτὸν
604 2986 693 3068 μόνον
716 2985 788 3048 εἶναι
811 2987 862 3048 τὸν
879 2984 942 3048 υἱὸν
960 2993 1012 3048 τοῦ
1031 2981 1121 3048 Θεοῦ.
1168 2983 1215 3048 Δι’
1231 2987 1248 3048 ὃ

217 3149 260 3217 (ι)
279 3148 298 3202 1.
325 3165 348 3202 e.
374 3147 524 3220 impuberes:
549 3148 594 3202 cfr.
617 3148 687 3202 Trn-
742 3145 880 3207 morientes,
899 3155 961 3196 ante
980 3142 1049 3214 quod
1069 3143 1090 3196 si
1107 3155 1248 3214 reponatur

180 3247 260 3286 Tuta.
282 3233 320 3286 De
338 3233 384 3286 uel.
404 3235 470 3305 virg.
490 3234 520 3287 8:
545 3234 594 3286 «si
613 3235 687 3305 virgo
742 3244 848 3281 sensum
868 3229 976 3298 plenum
995 3229 1053 3280 dat:
1073 3228 1118 3280 sed
1137 3227 1248 3280 fortasse

185 3318 304 3371 «mulier
322 3335 377 3370 non
396 3331 445 3383 est,
465 3318 568 3370 necvir
587 3320 687 3371 investis
734 3311 844 3381 firmum
869 3329 918 3364 csse
942 3313 1011 3365 mala
1040 3311 1127 3364 versio
1145 3323 1185 3365 est
1204 3329 1248 3364 cu·

184 3413 282 3456 «est».
319 3401 386 3454 Rem
411 3419 474 3455 vero
495 3403 565 3473 quod
587 3414 687 3472 spectat
741 3396 845 3449 iusdam
867 3397 940 3450 verbi
965 3397 998 3449 ad
1017 3413 1108 3448 veram
1127 3413 1247 3450 commo-

180 3583 241 3622 1²01..
266 3568 408 3640 Plrilosoplr.
433 3569 478 3634 lV,
506 3585 534 3624 ιν
562 3569 687 3639 [Ενιυιεε,
741 3567 841 3619 dentis:
858 3577 928 3636 puta,
944 3575 1121 3636 perseverasse.
1238 3633 1239 3638 ¹

180 3671 205 3723 p.
225 3669 258 3724 94
278 3654 355 3724 sqq.].
777 3653 819 3716 (4)
838 3649 900 3703 Νοιι
924 3649 1016 3702 alludit
1040 3651 1072 3703 ad
1100 3648 1182 3703 finem
1207 3649 1247 3702 Si-

215 3739 257 3806 (2)
277 3739 385 3804 Σταγμῇ
409 3739 505 3804 χρόνον
528 3737 561 3789 ad
585 3738 686 3808 clepsy-
741 3733 829 3787 monis
847 3733 919 3804 Magi
945 3733 1070 3800 (Hieron.
1090 3733 1136 3796 Vl,
1155 3747 1172 3797 1,
1193 3737 1248 3799 ιο),

179 3821 239 3872 dras
250 3821 358 3874 adludit.
388 3819 442 3874 Cfr.
456 3838 516 3873 curn
530 3821 580 3886 his,
591 3820 686 3890 fragm.
741 3829 768 3870 ut
783 3829 855 3888 putat
864 3818 994 3871 Hnnvnl':
1004 3818 1210 3872 namillevinum
1220 3835 1247 3870 se

179 3904 328 3968 Qunonnr.
352 3903 425 3976 Apol.
451 3922 491 3974 ap.
516 3905 581 3958 Eus
601 3904 635 3958 H.
656 3903 686 3957 Ε.
740 3900 1246 3973 sepeliresecit.—Proaimumfragm.

180 3987 226 4054 1v,
249 4003 287 4052 ut,
303 4003 326 4054 2,
345 3989 415 4059 quod
443 3988 566 4042 Irenaeus
595 3990 686 4060 procul
740 4004 826 4057 graec.
846 4003 878 4039 ex
897 3987 993 4040 Enseu.
1014 3986 1049 4038 H.
1071 3985 1100 4040 Ε.
1114 3985 1148 4050 V,
1168 4001 1182 4054 7
1202 3987 1247 4039 de-

180 4073 260 4126 dubio
279 4073 401 4144 respexit.
741 4071 870 4141 promitur
889 4070 1062 4137 (Scnwmrz,
1082 4069 1102 4134 1,
1118 4071 1191 4136 440).

215 4159 257 4226 (3)
277 4157 393 4210 Harrei·
413 4157 439 4210 id
457 4169 532 4228 putat
551 4155 640 4210 referri
657 4157 684 4211 in
739 4199 742 4205 ,
776 4158 817 4224 (5)
836 4155 909 4208 Idem
938 4167 1125 4226 argumentum
1151 4155 1179 4208 in
1200 4159 1246 4220 nte

178 4242 279 4312 graecis
301 4241 333 4294 ad
356 4257 527 4313 consequens,
553 4242 617 4312 quod
637 4243 687 4313 ipsi
739 4239 807 4294 ἑπὶδ.
827 4239 876 4293 sibi
895 4240 1030 4310 proposuit
1049 4239 1116 4292 lren.
