<?xml version="1.0" encoding="UTF-8"?>
<!DOCTYPE html PUBLIC "-//W3C//DTD XHTML 1.0 Transitional//EN"
    "http://www.w3.org/TR/xhtml1/DTD/xhtml1-transitional.dtd">
<html xmlns="http://www.w3.org/1999/xhtml" xml:lang="en" lang="en">
 <head>
  <title>
</title>
<meta http-equiv="Content-Type" content="text/html;charset=utf-8" />
  <meta name='ocr-system' content='tesseract 3.04.00' />
  <meta name='ocr-capabilities' content='ocr_page ocr_carea ocr_par ocr_line ocrx_word'/>
</head>
<body>
  <div class='ocr_page' id='page_1' title='image "./adversushaerese00irengoog_0331.png"; bbox 0 0 3274 5100; ppageno 0'>
   <div class='ocr_carea' id='block_1_1' title="bbox 382 435 1448 518">
    <p class='ocr_par' dir='ltr' id='par_1_1' title="bbox 382 435 1448 518">
     <span class='ocr_line' id='line_1_1' title="bbox 382 435 1448 518; baseline -0.026 -7"><span class='ocrx_word' id='word_1_1' title='bbox 382 435 444 518; x_wconf 83' lang='lat'>326</span> <span class='ocrx_word' id='word_1_2' title='bbox 668 452 797 499; x_wconf 76' lang='lat' dir='ltr'>innuant</span> <span class='ocrx_word' id='word_1_3' title='bbox 820 451 980 498; x_wconf 69' lang='lat' dir='ltr'>inversus</span> <span class='ocrx_word' id='word_1_4' title='bbox 1002 449 1157 497; x_wconf 74' lang='lat' dir='ltr'>naereses</span> <span class='ocrx_word' id='word_1_5' title='bbox 1274 447 1415 517; x_wconf 78' lang='lat' dir='ltr'>lV‚t-V1·‚</span> <span class='ocrx_word' id='word_1_6' title='bbox 1436 462 1448 515; x_wconf 85' lang='lat'>3</span> 
     </span>
    </p>
   </div>
   <div class='ocr_carea' id='block_1_2' title="bbox 377 645 1457 1058">
    <p class='ocr_par' dir='ltr' id='par_1_2' title="bbox 377 645 1457 1058">
     <span class='ocr_line' id='line_1_2' title="bbox 378 645 1456 735; baseline -0.004 -23"><span class='ocrx_word' id='word_1_7' title='bbox 378 645 456 712; x_wconf 90' lang='lat' dir='ltr'>nihil</span> <span class='ocrx_word' id='word_1_8' title='bbox 484 669 575 735; x_wconf 85' lang='lat' dir='ltr'>agere</span> <span class='ocrx_word' id='word_1_9' title='bbox 599 648 720 734; x_wconf 87' lang='lat' dir='ltr'>possit:</span> <span class='ocrx_word' id='word_1_10' title='bbox 752 646 897 712; x_wconf 90' lang='lat' dir='ltr'>similiter</span> <span class='ocrx_word' id='word_1_11' title='bbox 920 661 1011 734; x_wconf 90' lang='lat' dir='ltr'>atque</span> <span class='ocrx_word' id='word_1_12' title='bbox 1035 645 1226 712; x_wconf 85' lang='lat' dir='ltr'>Homericus</span> <span class='ocrx_word' id='word_1_13' title='bbox 1250 645 1375 733; x_wconf 84' lang='lat' dir='ltr'>Iupiter,</span> <span class='ocrx_word' id='word_1_14' title='bbox 1399 645 1456 733; x_wconf 90' lang='lat' dir='ltr'>qui</span> 
     </span>
     <span class='ocr_line' id='line_1_3' title="bbox 377 747 1457 841; baseline -0.002 -22"><span class='ocrx_word' id='word_1_15' title='bbox 377 775 431 841; x_wconf 91' lang='lat' dir='ltr'>per</span> <span class='ocrx_word' id='word_1_16' title='bbox 455 754 675 820; x_wconf 89' lang='lat' dir='ltr'>necessitatem</span> <span class='ocrx_word' id='word_1_17' title='bbox 697 750 793 819; x_wconf 90' lang='lat' dir='ltr'>dicit:</span> <span class='ocrx_word' id='word_1_18' title='bbox 823 752 894 817; x_wconf 89' lang='lat' dir='ltr'>«Et</span> <span class='ocrx_word' id='word_1_19' title='bbox 917 773 978 840; x_wconf 89' lang='lat' dir='ltr'>ego</span> <span class='ocrx_word' id='word_1_20' title='bbox 1001 751 1087 818; x_wconf 90' lang='lat' dir='ltr'>enim</span> <span class='ocrx_word' id='word_1_21' title='bbox 1111 747 1168 817; x_wconf 89' lang='lat' dir='ltr'>tibi</span> <span class='ocrx_word' id='word_1_22' title='bbox 1190 750 1261 819; x_wconf 92' lang='lat' dir='ltr'>dedi</span> <span class='ocrx_word' id='word_1_23' title='bbox 1285 750 1371 818; x_wconf 88' lang='lat' dir='ltr'>velut</span> <span class='ocrx_word' id='word_1_24' title='bbox 1394 774 1457 817; x_wconf 87' lang='lat' dir='ltr'>vo-</span> 
     </span>
     <span class='ocr_line' id='line_1_4' title="bbox 380 857 1455 946; baseline 0.001 -23"><span class='ocrx_word' id='word_1_25' title='bbox 380 887 395 923; x_wconf 90' lang='lat'>«</span> <span class='ocrx_word' id='word_1_26' title='bbox 412 859 489 940; x_wconf 91' lang='lat' dir='ltr'>lens,</span> <span class='ocrx_word' id='word_1_27' title='bbox 504 858 631 926; x_wconf 91' lang='lat' dir='ltr'>nolente</span> <span class='ocrx_word' id='word_1_28' title='bbox 651 859 759 925; x_wconf 90' lang='lat' dir='ltr'>animo</span> <span class='ocrx_word' id='word_1_29' title='bbox 774 883 803 923; x_wconf 80' lang='lat' dir='ltr'>u.</span> <span class='ocrx_word' id='word_1_30' title='bbox 815 858 850 913; x_wconf 81' lang='lat'>(¹)</span> <span class='ocrx_word' id='word_1_31' title='bbox 887 857 1068 926; x_wconf 91' lang='lat' dir='ltr'>Secundum</span> <span class='ocrx_word' id='word_1_32' title='bbox 1089 859 1183 946; x_wconf 88' lang='lat' dir='ltr'>igitur</span> <span class='ocrx_word' id='word_1_33' title='bbox 1200 859 1279 925; x_wconf 88' lang='lat' dir='ltr'>hanc</span> <span class='ocrx_word' id='word_1_34' title='bbox 1296 859 1455 924; x_wconf 91' lang='lat' dir='ltr'>rationem</span> 
     </span>
     <span class='ocr_line' id='line_1_5' title="bbox 378 963 1360 1058; baseline -0.001 -26"><span class='ocrx_word' id='word_1_35' title='bbox 378 966 571 1032; x_wconf 81' lang='lat' dir='ltr'>necessitatis</span> <span class='ocrx_word' id='word_1_36' title='bbox 594 981 624 1032; x_wconf 89' lang='lat' dir='ltr'>et</span> <span class='ocrx_word' id='word_1_37' title='bbox 649 963 902 1032; x_wconf 87' lang='lat' dir='ltr'>fati-invenietur</span> <span class='ocrx_word' id='word_1_38' title='bbox 925 987 1045 1044; x_wconf 91' lang='lat' dir='ltr'>servus,</span> <span class='ocrx_word' id='word_1_39' title='bbox 1063 965 1184 1052; x_wconf 80' lang='lat' dir='ltr'>Bythos</span> <span class='ocrx_word' id='word_1_40' title='bbox 1207 967 1360 1058; x_wconf 82' lang='lat' dir='ltr'>ipsorum.</span> 
     </span>
    </p>
   </div>
   <div class='ocr_carea' id='block_1_3' title="bbox 366 1176 1454 3509">
    <p class='ocr_par' dir='ltr' id='par_1_3' title="bbox 368 1176 1454 2864">
     <span class='ocr_line' id='line_1_6' title="bbox 446 1176 1454 1268; baseline -0.001 -23"><span class='ocrx_word' id='word_1_41' title='bbox 446 1178 526 1245; x_wconf 76' lang='lat' dir='ltr'>Can.</span> <span class='ocrx_word' id='word_1_42' title='bbox 542 1178 597 1244; x_wconf 88' lang='lat' dir='ltr'>Vl.</span> <span class='ocrx_word' id='word_1_43' title='bbox 645 1177 752 1268; x_wconf 87' lang='lat' dir='ltr'><em>[WH.</em></span> <span class='ocrx_word' id='word_1_44' title='bbox 769 1179 789 1244; x_wconf 91' lang='grc' dir='ltr'>Ι</span> <span class='ocrx_word' id='word_1_45' title='bbox 795 1177 831 1258; x_wconf 88' lang='lat' dir='ltr'>V,</span> <span class='ocrx_word' id='word_1_46' title='bbox 844 1177 888 1268; x_wconf 83' lang='lat'>5].</span> <span class='ocrx_word' id='word_1_47' title='bbox 940 1199 965 1242; x_wconf 90' lang='lat'>1.</span> <span class='ocrx_word' id='word_1_48' title='bbox 988 1176 1165 1259; x_wconf 87' lang='lat' dir='ltr'>Quomodo</span> <span class='ocrx_word' id='word_1_49' title='bbox 1184 1195 1288 1245; x_wconf 89' lang='lat' dir='ltr'>autem</span> <span class='ocrx_word' id='word_1_50' title='bbox 1307 1195 1338 1244; x_wconf 91' lang='lat' dir='ltr'>et</span> <span class='ocrx_word' id='word_1_51' title='bbox 1357 1180 1454 1266; x_wconf 90' lang='lat' dir='ltr'>igno-</span> 
     </span>
     <span class='ocr_line' id='line_1_7' title="bbox 378 1281 1451 1373; baseline 0.002 -23"><span class='ocrx_word' id='word_1_52' title='bbox 378 1281 485 1350; x_wconf 84' lang='lat' dir='ltr'>rabant</span> <span class='ocrx_word' id='word_1_53' title='bbox 497 1284 548 1351; x_wconf 92' lang='lat' dir='ltr'>vel</span> <span class='ocrx_word' id='word_1_54' title='bbox 560 1283 662 1370; x_wconf 87' lang='lat' dir='ltr'>angeli</span> <span class='ocrx_word' id='word_1_55' title='bbox 675 1302 729 1351; x_wconf 90' lang='lat' dir='ltr'>aut</span> <span class='ocrx_word' id='word_1_56' title='bbox 745 1281 854 1354; x_wconf 92' lang='lat' dir='ltr'>mundi</span> <span class='ocrx_word' id='word_1_57' title='bbox 868 1281 1033 1350; x_wconf 83' lang='lat' dir='ltr'>fabricator</span> <span class='ocrx_word' id='word_1_58' title='bbox 1046 1285 1185 1373; x_wconf 90' lang='lat' dir='ltr'>primum</span> <span class='ocrx_word' id='word_1_59' title='bbox 1198 1285 1314 1366; x_wconf 88' lang='lat' dir='ltr'>Deum,</span> <span class='ocrx_word' id='word_1_60' title='bbox 1323 1284 1451 1372; x_wconf 90' lang='lat' dir='ltr'>quando</span> 
     </span>
     <span class='ocr_line' id='line_1_8' title="bbox 376 1391 1452 1478; baseline 0.001 -21"><span class='ocrx_word' id='word_1_61' title='bbox 376 1393 408 1457; x_wconf 95' lang='lat' dir='ltr'>in</span> <span class='ocrx_word' id='word_1_62' title='bbox 432 1392 498 1457; x_wconf 89' lang='lat' dir='ltr'>eius</span> <span class='ocrx_word' id='word_1_63' title='bbox 521 1391 654 1478; x_wconf 90' lang='lat' dir='ltr'>propriis</span> <span class='ocrx_word' id='word_1_64' title='bbox 678 1406 791 1472; x_wconf 88' lang='lat' dir='ltr'>essent,</span> <span class='ocrx_word' id='word_1_65' title='bbox 811 1407 841 1456; x_wconf 93' lang='lat' dir='ltr'>et</span> <span class='ocrx_word' id='word_1_66' title='bbox 864 1407 1004 1458; x_wconf 89' lang='lat' dir='ltr'>creatura</span> <span class='ocrx_word' id='word_1_67' title='bbox 1027 1391 1209 1456; x_wconf 82' lang='lat' dir='ltr'>exsisterent</span> <span class='ocrx_word' id='word_1_68' title='bbox 1229 1391 1306 1472; x_wconf 91' lang='lat' dir='ltr'>eius,</span> <span class='ocrx_word' id='word_1_69' title='bbox 1323 1408 1354 1457; x_wconf 92' lang='lat' dir='ltr'>et</span> <span class='ocrx_word' id='word_1_70' title='bbox 1372 1414 1452 1458; x_wconf 91' lang='lat' dir='ltr'>con·</span> 
     </span>
     <span class='ocr_line' id='line_1_9' title="bbox 375 1495 1450 1586; baseline 0.002 -22"><span class='ocrx_word' id='word_1_71' title='bbox 375 1499 548 1564; x_wconf 88' lang='lat' dir='ltr'>tinerentur</span> <span class='ocrx_word' id='word_1_72' title='bbox 578 1496 615 1564; x_wconf 89' lang='lat' dir='ltr'>ab</span> <span class='ocrx_word' id='word_1_73' title='bbox 647 1498 738 1586; x_wconf 88' lang='lat' dir='ltr'>ipso?</span> <span class='ocrx_word' id='word_1_74' title='bbox 796 1495 964 1564; x_wconf 89' lang='lat' dir='ltr'>Invisibilis</span> <span class='ocrx_word' id='word_1_75' title='bbox 994 1496 1122 1585; x_wconf 89' lang='lat' dir='ltr'>quidem</span> <span class='ocrx_word' id='word_1_76' title='bbox 1153 1514 1274 1586; x_wconf 83' lang='lat' dir='ltr'>poterat</span> <span class='ocrx_word' id='word_1_77' title='bbox 1303 1500 1347 1565; x_wconf 91' lang='lat' dir='ltr'>eis</span> <span class='ocrx_word' id='word_1_78' title='bbox 1379 1523 1450 1566; x_wconf 89' lang='lat' dir='ltr'>esse</span> 
     </span>
     <span class='ocr_line' id='line_1_10' title="bbox 375 1605 1451 1695; baseline 0.004 -25"><span class='ocrx_word' id='word_1_79' title='bbox 375 1621 500 1693; x_wconf 90' lang='lat' dir='ltr'>propter</span> <span class='ocrx_word' id='word_1_80' title='bbox 516 1605 731 1686; x_wconf 88' lang='lat' dir='ltr'>eminentiam,</span> <span class='ocrx_word' id='word_1_81' title='bbox 748 1605 875 1692; x_wconf 89' lang='lat' dir='ltr'>ignotus</span> <span class='ocrx_word' id='word_1_82' title='bbox 891 1620 996 1670; x_wconf 88' lang='lat' dir='ltr'>autem</span> <span class='ocrx_word' id='word_1_83' title='bbox 1016 1627 1213 1693; x_wconf 90' lang='lat' dir='ltr'>nequaquam</span> <span class='ocrx_word' id='word_1_84' title='bbox 1229 1623 1355 1693; x_wconf 90' lang='lat' dir='ltr'>propter</span> <span class='ocrx_word' id='word_1_85' title='bbox 1374 1630 1451 1695; x_wconf 85' lang='lat' dir='ltr'>pro-</span> 
     </span>
     <span class='ocr_line' id='line_1_11' title="bbox 374 1710 1446 1799; baseline 0.005 -23"><span class='ocrx_word' id='word_1_86' title='bbox 374 1712 557 1780; x_wconf 88' lang='lat' dir='ltr'>videntiam.</span> <span class='ocrx_word' id='word_1_87' title='bbox 568 1711 602 1766; x_wconf 74' lang='lat'>(²)</span> <span class='ocrx_word' id='word_1_88' title='bbox 638 1712 761 1778; x_wconf 86' lang='lat' dir='ltr'>Etenim</span> <span class='ocrx_word' id='word_1_89' title='bbox 783 1712 854 1778; x_wconf 92' lang='lat' dir='ltr'>licet</span> <span class='ocrx_word' id='word_1_90' title='bbox 872 1710 963 1778; x_wconf 88' lang='lat' dir='ltr'>valde</span> <span class='ocrx_word' id='word_1_91' title='bbox 979 1734 1033 1799; x_wconf 93' lang='lat' dir='ltr'>per</span> <span class='ocrx_word' id='word_1_92' title='bbox 1048 1711 1287 1780; x_wconf 90' lang='lat' dir='ltr'>descensionem</span> <span class='ocrx_word' id='word_1_93' title='bbox 1307 1715 1446 1782; x_wconf 91' lang='lat' dir='ltr'>multum</span> 
     </span>
     <span class='ocr_line' id='line_1_12' title="bbox 374 1814 1447 1905; baseline 0.005 -23"><span class='ocrx_word' id='word_1_94' title='bbox 374 1818 503 1905; x_wconf 90' lang='lat' dir='ltr'>separati</span> <span class='ocrx_word' id='word_1_95' title='bbox 524 1833 627 1883; x_wconf 86' lang='lat' dir='ltr'>essent</span> <span class='ocrx_word' id='word_1_96' title='bbox 646 1816 685 1882; x_wconf 93' lang='lat' dir='ltr'>ab</span> <span class='ocrx_word' id='word_1_97' title='bbox 703 1840 753 1897; x_wconf 91' lang='lat' dir='ltr'>eo,</span> <span class='ocrx_word' id='word_1_98' title='bbox 768 1814 932 1905; x_wconf 90' lang='lat' dir='ltr'>quomodo</span> <span class='ocrx_word' id='word_1_99' title='bbox 951 1817 1077 1898; x_wconf 83' lang='lat' dir='ltr'>dicunt3</span> <span class='ocrx_word' id='word_1_100' title='bbox 1102 1816 1156 1885; x_wconf 88' lang='lat' dir='ltr'>sed</span> <span class='ocrx_word' id='word_1_101' title='bbox 1175 1834 1282 1885; x_wconf 91' lang='lat' dir='ltr'>tamen</span> <span class='ocrx_word' id='word_1_102' title='bbox 1299 1818 1447 1888; x_wconf 92' lang='lat' dir='ltr'>dominio</span> 
     </span>
     <span class='ocr_line' id='line_1_13' title="bbox 372 1923 1446 2013; baseline 0.003 -23"><span class='ocrx_word' id='word_1_103' title='bbox 372 1925 405 1990; x_wconf 89' lang='lat' dir='ltr'>in</span> <span class='ocrx_word' id='word_1_104' title='bbox 420 1947 533 1990; x_wconf 93' lang='lat' dir='ltr'>omnes</span> <span class='ocrx_word' id='word_1_105' title='bbox 549 1939 688 2006; x_wconf 84' lang='lat' dir='ltr'>extens0,</span> <span class='ocrx_word' id='word_1_106' title='bbox 697 1924 835 2012; x_wconf 87' lang='lat' dir='ltr'>oportuit</span> <span class='ocrx_word' id='word_1_107' title='bbox 850 1946 1042 2012; x_wconf 84' lang='lat' dir='ltr'>cognoscere</span> <span class='ocrx_word' id='word_1_108' title='bbox 1058 1923 1274 1992; x_wconf 86' lang='lat' dir='ltr'>dominantem</span> <span class='ocrx_word' id='word_1_109' title='bbox 1288 1927 1446 2013; x_wconf 91' lang='lat' dir='ltr'>ipsorum,</span> 
     </span>
     <span class='ocr_line' id='line_1_14' title="bbox 372 2029 1445 2119; baseline 0.004 -24"><span class='ocrx_word' id='word_1_110' title='bbox 372 2047 402 2095; x_wconf 90' lang='lat' dir='ltr'>et</span> <span class='ocrx_word' id='word_1_111' title='bbox 425 2029 486 2096; x_wconf 90' lang='lat' dir='ltr'>hoc</span> <span class='ocrx_word' id='word_1_112' title='bbox 510 2031 613 2119; x_wconf 93' lang='lat' dir='ltr'>ipsum</span> <span class='ocrx_word' id='word_1_113' title='bbox 639 2031 729 2111; x_wconf 86' lang='lat' dir='ltr'>scire,</span> <span class='ocrx_word' id='word_1_114' title='bbox 746 2030 895 2118; x_wconf 89' lang='lat' dir='ltr'>quoniam</span> <span class='ocrx_word' id='word_1_115' title='bbox 919 2032 973 2119; x_wconf 91' lang='lat' dir='ltr'>qui</span> <span class='ocrx_word' id='word_1_116' title='bbox 996 2033 1112 2097; x_wconf 89' lang='lat' dir='ltr'>creavit</span> <span class='ocrx_word' id='word_1_117' title='bbox 1135 2054 1201 2112; x_wconf 91' lang='lat' dir='ltr'>eos,</span> <span class='ocrx_word' id='word_1_118' title='bbox 1217 2049 1263 2098; x_wconf 89' lang='lat' dir='ltr'>est</span> <span class='ocrx_word' id='word_1_119' title='bbox 1283 2033 1445 2100; x_wconf 89' lang='lat' dir='ltr'>Dominus</span> 
     </span>
     <span class='ocr_line' id='line_1_15' title="bbox 371 2134 1443 2227; baseline 0.003 -24"><span class='ocrx_word' id='word_1_120' title='bbox 371 2138 528 2203; x_wconf 91' lang='lat' dir='ltr'>omnium.</span> <span class='ocrx_word' id='word_1_121' title='bbox 567 2134 727 2202; x_wconf 84' lang='lat' dir='ltr'>invisibile</span> <span class='ocrx_word' id='word_1_122' title='bbox 747 2137 832 2204; x_wconf 90' lang='lat' dir='ltr'>enim</span> <span class='ocrx_word' id='word_1_123' title='bbox 852 2139 919 2204; x_wconf 89' lang='lat' dir='ltr'>eius</span> <span class='ocrx_word' id='word_1_124' title='bbox 931 2138 964 2191; x_wconf 79' lang='lat'>(³)</span> <span class='ocrx_word' id='word_1_125' title='bbox 986 2161 1084 2226; x_wconf 88' lang='lat' dir='ltr'>quum</span> <span class='ocrx_word' id='word_1_126' title='bbox 1102 2139 1141 2205; x_wconf 91' lang='lat' dir='ltr'>sit</span> <span class='ocrx_word' id='word_1_127' title='bbox 1155 2155 1278 2226; x_wconf 92' lang='lat' dir='ltr'>potens,</span> <span class='ocrx_word' id='word_1_128' title='bbox 1293 2163 1443 2227; x_wconf 91' lang='lat' dir='ltr'>magnam</span> 
     </span>
     <span class='ocr_line' id='line_1_16' title="bbox 371 2242 1445 2335; baseline 0.005 -26"><span class='ocrx_word' id='word_1_129' title='bbox 371 2245 485 2310; x_wconf 91' lang='lat' dir='ltr'>mentis</span> <span class='ocrx_word' id='word_1_130' title='bbox 504 2245 705 2310; x_wconf 89' lang='lat' dir='ltr'>intuitionem</span> <span class='ocrx_word' id='word_1_131' title='bbox 721 2260 750 2310; x_wconf 92' lang='lat' dir='ltr'>et</span> <span class='ocrx_word' id='word_1_132' title='bbox 766 2242 1002 2311; x_wconf 89' lang='lat' dir='ltr'>sensibilitatem</span> <span class='ocrx_word' id='word_1_133' title='bbox 1019 2243 1167 2312; x_wconf 90' lang='lat' dir='ltr'>omnibus</span> <span class='ocrx_word' id='word_1_134' title='bbox 1183 2263 1316 2334; x_wconf 87' lang='lat' dir='ltr'>praestat</span> <span class='ocrx_word' id='word_1_135' title='bbox 1332 2264 1445 2335; x_wconf 90' lang='lat' dir='ltr'>poten-</span> 
     </span>
     <span class='ocr_line' id='line_1_17' title="bbox 369 2349 1443 2436; baseline 0.005 -21"><span class='ocrx_word' id='word_1_136' title='bbox 369 2350 510 2416; x_wconf 87' lang='lat' dir='ltr'>tissimae</span> <span class='ocrx_word' id='word_1_137' title='bbox 529 2366 559 2415; x_wconf 91' lang='lat' dir='ltr'>et</span> <span class='ocrx_word' id='word_1_138' title='bbox 578 2349 803 2436; x_wconf 86' lang='lat' dir='ltr'>omnipotentis</span> <span class='ocrx_word' id='word_1_139' title='bbox 822 2351 1020 2417; x_wconf 85' lang='lat' dir='ltr'>eminentiae.</span> <span class='ocrx_word' id='word_1_140' title='bbox 1060 2351 1152 2418; x_wconf 92' lang='lat' dir='ltr'>Unde</span> <span class='ocrx_word' id='word_1_141' title='bbox 1171 2353 1294 2418; x_wconf 87' lang='lat' dir='ltr'>etiamsi</span> <span class='ocrx_word' id='word_1_142' title='bbox 1317 2377 1443 2420; x_wconf 75' lang='lat' dir='ltr'>anemo</span> 
     </span>
     <span class='ocr_line' id='line_1_18' title="bbox 376 2457 1442 2545; baseline 0.008 -27"><span class='ocrx_word' id='word_1_143' title='bbox 376 2457 568 2543; x_wconf 85' lang='lat' dir='ltr'>«cognoscit</span> <span class='ocrx_word' id='word_1_144' title='bbox 592 2457 717 2522; x_wconf 89' lang='lat' dir='ltr'>Patrem</span> <span class='ocrx_word' id='word_1_145' title='bbox 741 2457 802 2522; x_wconf 91' lang='lat' dir='ltr'>nisi</span> <span class='ocrx_word' id='word_1_146' title='bbox 827 2457 934 2538; x_wconf 85' lang='lat' dir='ltr'>Filius,</span> <span class='ocrx_word' id='word_1_147' title='bbox 951 2480 1051 2545; x_wconf 89' lang='lat' dir='ltr'>neque</span> <span class='ocrx_word' id='word_1_148' title='bbox 1072 2458 1198 2539; x_wconf 89' lang='lat' dir='ltr'>Filium,</span> <span class='ocrx_word' id='word_1_149' title='bbox 1215 2460 1274 2525; x_wconf 92' lang='lat' dir='ltr'>nisi</span> <span class='ocrx_word' id='word_1_150' title='bbox 1291 2460 1394 2540; x_wconf 90' lang='lat' dir='ltr'>Pater,</span> <span class='ocrx_word' id='word_1_151' title='bbox 1411 2479 1442 2528; x_wconf 88' lang='lat' dir='ltr'>et</span> 
     </span>
     <span class='ocr_line' id='line_1_19' title="bbox 372 2561 1441 2653; baseline 0.008 -29"><span class='ocrx_word' id='word_1_152' title='bbox 372 2589 387 2624; x_wconf 91' lang='lat'>«</span> <span class='ocrx_word' id='word_1_153' title='bbox 402 2561 515 2652; x_wconf 88' lang='lat' dir='ltr'>quibus</span> <span class='ocrx_word' id='word_1_154' title='bbox 540 2561 637 2628; x_wconf 78' lang='lat' dir='ltr'>Pilius</span> <span class='ocrx_word' id='word_1_155' title='bbox 660 2563 886 2643; x_wconf 83' lang='lat' dir='ltr'>revelaverit»,</span> <span class='ocrx_word' id='word_1_156' title='bbox 910 2579 1016 2629; x_wconf 91' lang='lat' dir='ltr'>tamen</span> <span class='ocrx_word' id='word_1_157' title='bbox 1041 2563 1100 2630; x_wconf 91' lang='lat' dir='ltr'>hoc</span> <span class='ocrx_word' id='word_1_158' title='bbox 1123 2564 1228 2653; x_wconf 92' lang='lat' dir='ltr'>ipsum</span> <span class='ocrx_word' id='word_1_159' title='bbox 1255 2567 1363 2632; x_wconf 86' lang='lat' dir='ltr'>omnia</span> <span class='ocrx_word' id='word_1_160' title='bbox 1386 2589 1441 2634; x_wconf 92' lang='lat' dir='ltr'>co-</span> 
     </span>
     <span class='ocr_line' id='line_1_20' title="bbox 369 2666 1442 2756; baseline 0.005 -22"><span class='ocrx_word' id='word_1_161' title='bbox 369 2685 535 2754; x_wconf 83' lang='lat' dir='ltr'>gnoscunt,</span> <span class='ocrx_word' id='word_1_162' title='bbox 562 2666 687 2756; x_wconf 90' lang='lat' dir='ltr'>quando</span> <span class='ocrx_word' id='word_1_163' title='bbox 719 2669 798 2734; x_wconf 88' lang='lat' dir='ltr'>ratio</span> <span class='ocrx_word' id='word_1_164' title='bbox 829 2667 986 2735; x_wconf 88' lang='lat' dir='ltr'>mentibus</span> <span class='ocrx_word' id='word_1_165' title='bbox 1011 2668 1104 2736; x_wconf 87' lang='lat' dir='ltr'>infixa</span> <span class='ocrx_word' id='word_1_166' title='bbox 1129 2687 1256 2738; x_wconf 87' lang='lat' dir='ltr'>moveat</span> <span class='ocrx_word' id='word_1_167' title='bbox 1279 2695 1314 2738; x_wconf 87' lang='lat' dir='ltr'>ea</span> <span class='ocrx_word' id='word_1_168' title='bbox 1337 2688 1368 2738; x_wconf 89' lang='lat' dir='ltr'>et</span> <span class='ocrx_word' id='word_1_169' title='bbox 1390 2696 1442 2739; x_wconf 92' lang='lat' dir='ltr'>re-</span> 
     </span>
     <span class='ocr_line' id='line_1_21' title="bbox 368 2774 1348 2864; baseline 0.008 -28"><span class='ocrx_word' id='word_1_170' title='bbox 368 2774 450 2842; x_wconf 84' lang='lat' dir='ltr'>velet</span> <span class='ocrx_word' id='word_1_171' title='bbox 473 2776 528 2857; x_wconf 69' lang='grc' dir='ltr'>εἰς,</span> <span class='ocrx_word' id='word_1_172' title='bbox 551 2776 702 2864; x_wconf 89' lang='lat' dir='ltr'>quoniam</span> <span class='ocrx_word' id='word_1_173' title='bbox 726 2792 772 2841; x_wconf 88' lang='lat' dir='ltr'>est</span> <span class='ocrx_word' id='word_1_174' title='bbox 795 2799 875 2841; x_wconf 88' lang='lat' dir='ltr'>unus</span> <span class='ocrx_word' id='word_1_175' title='bbox 895 2776 993 2857; x_wconf 79' lang='lat' dir='ltr'>DeuS,</span> <span class='ocrx_word' id='word_1_176' title='bbox 1013 2777 1158 2843; x_wconf 88' lang='lat' dir='ltr'>omnium</span> <span class='ocrx_word' id='word_1_177' title='bbox 1178 2778 1348 2844; x_wconf 79' lang='lat' dir='ltr'>Dominus</span> 
     </span>
    </p>

    <p class='ocr_par' dir='ltr' id='par_1_4' title="bbox 366 2881 1440 3509">
     <span class='ocr_line' id='line_1_22' title="bbox 437 2881 1440 2974; baseline 0.004 -26"><span class='ocrx_word' id='word_1_178' title='bbox 437 2901 467 2948; x_wconf 87' lang='lat'>2.</span> <span class='ocrx_word' id='word_1_179' title='bbox 503 2883 541 2948; x_wconf 87' lang='lat' dir='ltr'>Et</span> <span class='ocrx_word' id='word_1_180' title='bbox 571 2899 697 2971; x_wconf 92' lang='lat' dir='ltr'>propter</span> <span class='ocrx_word' id='word_1_181' title='bbox 727 2881 787 2948; x_wconf 91' lang='lat' dir='ltr'>hoc</span> <span class='ocrx_word' id='word_1_182' title='bbox 817 2882 974 2949; x_wconf 89' lang='lat' dir='ltr'>Altissimi</span> <span class='ocrx_word' id='word_1_183' title='bbox 1004 2900 1034 2950; x_wconf 91' lang='lat' dir='ltr'>et</span> <span class='ocrx_word' id='word_1_184' title='bbox 1062 2883 1301 2971; x_wconf 91' lang='lat' dir='ltr'>Omnipotentis</span> <span class='ocrx_word' id='word_1_185' title='bbox 1334 2886 1440 2974; x_wconf 87' lang='lat' dir='ltr'>appel-</span> 
     </span>
     <span class='ocr_line' id='line_1_23' title="bbox 368 2986 1437 3059; baseline 0.004 -5"><span class='ocrx_word' id='word_1_186' title='bbox 368 2989 476 3054; x_wconf 85' lang='lat' dir='ltr'>lationi</span> <span class='ocrx_word' id='word_1_187' title='bbox 500 2989 608 3055; x_wconf 91' lang='lat' dir='ltr'>omnia</span> <span class='ocrx_word' id='word_1_188' title='bbox 639 2986 775 3055; x_wconf 87' lang='lat' dir='ltr'>subiecta</span> <span class='ocrx_word' id='word_1_189' title='bbox 803 3007 889 3056; x_wconf 89' lang='lat' dir='ltr'>sunt:</span> <span class='ocrx_word' id='word_1_190' title='bbox 921 3006 951 3056; x_wconf 91' lang='lat' dir='ltr'>et</span> <span class='ocrx_word' id='word_1_191' title='bbox 985 2990 1077 3056; x_wconf 90' lang='lat' dir='ltr'>huius</span> <span class='ocrx_word' id='word_1_192' title='bbox 1108 2993 1307 3058; x_wconf 90' lang='lat' dir='ltr'>invocatione</span> <span class='ocrx_word' id='word_1_193' title='bbox 1341 2994 1437 3059; x_wconf 85' lang='lat' dir='ltr'>etiam</span> 
     </span>
     <span class='ocr_line' id='line_1_24' title="bbox 367 3095 1438 3180; baseline 0.005 -18"><span class='ocrx_word' id='word_1_194' title='bbox 367 3111 437 3162; x_wconf 89' lang='lat' dir='ltr'>ante</span> <span class='ocrx_word' id='word_1_195' title='bbox 468 3095 637 3162; x_wconf 88' lang='lat' dir='ltr'>adventum</span> <span class='ocrx_word' id='word_1_196' title='bbox 662 3097 795 3162; x_wconf 90' lang='lat' dir='ltr'>Domini</span> <span class='ocrx_word' id='word_1_197' title='bbox 825 3099 925 3163; x_wconf 88' lang='lat' dir='ltr'>nostri</span> <span class='ocrx_word' id='word_1_198' title='bbox 955 3097 1154 3165; x_wconf 85' lang='lat' dir='ltr'>salvabantur</span> <span class='ocrx_word' id='word_1_199' title='bbox 1185 3099 1342 3180; x_wconf 70' lang='lat' dir='ltr'>homines</span> <span class='ocrx_word' id='word_1_200' title='bbox 1365 3115 1438 3167; x_wconf 89' lang='lat' dir='ltr'>eta</span> 
     </span>
     <span class='ocr_line' id='line_1_25' title="bbox 366 3201 1438 3298; baseline 0.007 -32"><span class='ocrx_word' id='word_1_201' title='bbox 366 3201 525 3289; x_wconf 90' lang='lat' dir='ltr'>spiritibus</span> <span class='ocrx_word' id='word_1_202' title='bbox 549 3203 761 3290; x_wconf 88' lang='lat' dir='ltr'>nequissimis,</span> <span class='ocrx_word' id='word_1_203' title='bbox 786 3219 815 3268; x_wconf 86' lang='lat' dir='ltr'>et</span> <span class='ocrx_word' id='word_1_204' title='bbox 839 3227 855 3268; x_wconf 89' lang='lat' dir='ltr'>a</span> <span class='ocrx_word' id='word_1_205' title='bbox 879 3202 1054 3270; x_wconf 87' lang='lat' dir='ltr'>daemoniis</span> <span class='ocrx_word' id='word_1_206' title='bbox 1073 3207 1240 3287; x_wconf 90' lang='lat' dir='ltr'>universis,</span> <span class='ocrx_word' id='word_1_207' title='bbox 1259 3223 1290 3272; x_wconf 90' lang='lat' dir='ltr'>et</span> <span class='ocrx_word' id='word_1_208' title='bbox 1304 3205 1342 3272; x_wconf 88' lang='lat' dir='ltr'>ab</span> <span class='ocrx_word' id='word_1_209' title='bbox 1361 3230 1438 3298; x_wconf 89' lang='lat' dir='ltr'>apo-</span> 
     </span>
     <span class='ocr_line' id='line_1_26' title="bbox 366 3309 1438 3402; baseline 0.007 -28"><span class='ocrx_word' id='word_1_210' title='bbox 366 3309 459 3374; x_wconf 85' lang='lat' dir='ltr'>stasia</span> <span class='ocrx_word' id='word_1_211' title='bbox 489 3309 695 3376; x_wconf 59' lang='lat' dir='ltr'>universae&gt;</span> <span class='ocrx_word' id='word_1_212' title='bbox 725 3333 789 3376; x_wconf 94' lang='lat' dir='ltr'>non</span> <span class='ocrx_word' id='word_1_213' title='bbox 819 3312 907 3398; x_wconf 89' lang='lat' dir='ltr'>quasi</span> <span class='ocrx_word' id='word_1_214' title='bbox 938 3311 1089 3378; x_wconf 89' lang='lat' dir='ltr'>vidissent</span> <span class='ocrx_word' id='word_1_215' title='bbox 1121 3335 1195 3379; x_wconf 91' lang='lat' dir='ltr'>eum</span> <span class='ocrx_word' id='word_1_216' title='bbox 1227 3315 1342 3380; x_wconf 90' lang='lat' dir='ltr'>terreni</span> <span class='ocrx_word' id='word_1_217' title='bbox 1374 3317 1438 3402; x_wconf 92' lang='lat' dir='ltr'>spi-</span> 
     </span>
     <span class='ocr_line' id='line_1_27' title="bbox 366 3414 1437 3509; baseline 0.01 -29"><span class='ocrx_word' id='word_1_218' title='bbox 366 3416 443 3480; x_wconf 93' lang='lat' dir='ltr'>ritus</span> <span class='ocrx_word' id='word_1_219' title='bbox 459 3431 511 3482; x_wconf 84' lang='lat' dir='ltr'>aut</span> <span class='ocrx_word' id='word_1_220' title='bbox 526 3414 706 3498; x_wconf 87' lang='lat' dir='ltr'>daemones,</span> <span class='ocrx_word' id='word_1_221' title='bbox 731 3415 784 3483; x_wconf 91' lang='lat' dir='ltr'>sed</span> <span class='ocrx_word' id='word_1_222' title='bbox 808 3440 906 3506; x_wconf 89' lang='lat' dir='ltr'>quum</span> <span class='ocrx_word' id='word_1_223' title='bbox 931 3421 1046 3486; x_wconf 90' lang='lat' dir='ltr'>scirent</span> <span class='ocrx_word' id='word_1_224' title='bbox 1064 3422 1214 3508; x_wconf 89' lang='lat' dir='ltr'>quoniam</span> <span class='ocrx_word' id='word_1_225' title='bbox 1234 3439 1291 3503; x_wconf 89' lang='lat' dir='ltr'>est,</span> <span class='ocrx_word' id='word_1_226' title='bbox 1310 3423 1364 3509; x_wconf 87' lang='lat' dir='ltr'>qui</span> <span class='ocrx_word' id='word_1_227' title='bbox 1388 3443 1437 3491; x_wconf 87' lang='lat' dir='ltr'>est</span> 
     </span>
    </p>
   </div>
   <div class='ocr_carea' id='block_1_4' title="bbox 361 3673 1435 4256">
    <p class='ocr_par' dir='ltr' id='par_1_5' title="bbox 364 3673 1434 3833">
     <span class='ocr_line' id='line_1_28' title="bbox 401 3673 1434 3751; baseline 0.013 -26"><span class='ocrx_word' id='word_1_228' title='bbox 401 3673 872 3748; x_wconf 62' lang='lat' dir='ltr'>(r)Cfr.llias‚V,43:aotvdpdpo</span> <span class='ocrx_word' id='word_1_229' title='bbox 962 3678 1004 3750; x_wconf 76' lang='lat'>(3)</span> <span class='ocrx_word' id='word_1_230' title='bbox 1024 3679 1122 3751; x_wconf 83' lang='lat' dir='ltr'>Aperta</span> <span class='ocrx_word' id='word_1_231' title='bbox 1142 3681 1237 3736; x_wconf 89' lang='lat' dir='ltr'>allusio</span> <span class='ocrx_word' id='word_1_232' title='bbox 1260 3683 1293 3735; x_wconf 82' lang='lat' dir='ltr'>ad</span> <span class='ocrx_word' id='word_1_233' title='bbox 1319 3682 1393 3738; x_wconf 86' lang='lat' dir='ltr'>Rom.</span> <span class='ocrx_word' id='word_1_234' title='bbox 1414 3685 1434 3750; x_wconf 91' lang='lat'>1,</span> 
     </span>
     <span class='ocr_line' id='line_1_29' title="bbox 364 3759 1022 3833; baseline 0.008 -23"><span class='ocrx_word' id='word_1_235' title='bbox 364 3775 406 3810; x_wconf 81' lang='grc' dir='ltr'>σοι</span> <span class='ocrx_word' id='word_1_236' title='bbox 424 3763 500 3811; x_wconf 77' lang='grc' dir='ltr'><strong>δῶκα</strong></span> <span class='ocrx_word' id='word_1_237' title='bbox 519 3762 598 3824; x_wconf 83' lang='grc' dir='ltr'><strong>ἑκών,</strong></span> <span class='ocrx_word' id='word_1_238' title='bbox 617 3759 725 3812; x_wconf 76' lang='grc' dir='ltr'><strong>ἀέκοντί</strong></span> <span class='ocrx_word' id='word_1_239' title='bbox 739 3778 772 3827; x_wconf 80' lang='grc' dir='ltr'>γε</span> <span class='ocrx_word' id='word_1_240' title='bbox 785 3763 871 3828; x_wconf 70' lang='grc' dir='ltr'>θυμῷ.</span> <span class='ocrx_word' id='word_1_241' title='bbox 929 3777 1022 3833; x_wconf 88' lang='lat'>19-20.</span> 
     </span>
    </p>

    <p class='ocr_par' dir='ltr' id='par_1_6' title="bbox 361 3841 1435 4256">
     <span class='ocr_line' id='line_1_30' title="bbox 400 3841 1435 3922; baseline 0.009 -27"><span class='ocrx_word' id='word_1_242' title='bbox 400 3844 440 3910; x_wconf 87' lang='lat'>(2)</span> <span class='ocrx_word' id='word_1_243' title='bbox 460 3841 513 3896; x_wconf 84' lang='lat' dir='ltr'>Cir.</span> <span class='ocrx_word' id='word_1_244' title='bbox 539 3842 664 3897; x_wconf 79' lang='lat' dir='ltr'>Tneonu.</span> <span class='ocrx_word' id='word_1_245' title='bbox 691 3843 777 3898; x_wconf 78' lang='lat' dir='ltr'>Arctoi.</span> <span class='ocrx_word' id='word_1_246' title='bbox 805 3845 825 3908; x_wconf 91' lang='grc' dir='ltr'>Ι,</span> <span class='ocrx_word' id='word_1_247' title='bbox 848 3859 870 3910; x_wconf 82' lang='lat'>5.</span> <span class='ocrx_word' id='word_1_248' title='bbox 962 3849 1003 3914; x_wconf 78' lang='lat'>(4)</span> <span class='ocrx_word' id='word_1_249' title='bbox 1027 3847 1065 3900; x_wconf 86' lang='lat' dir='ltr'>lta</span> <span class='ocrx_word' id='word_1_250' title='bbox 1092 3848 1159 3901; x_wconf 85' lang='lat' dir='ltr'>iren.</span> <span class='ocrx_word' id='word_1_251' title='bbox 1188 3850 1291 3920; x_wconf 88' lang='lat' dir='ltr'>saepius</span> <span class='ocrx_word' id='word_1_252' title='bbox 1318 3852 1435 3922; x_wconf 83' lang='lat' dir='ltr'>appellnt</span> 
     </span>
     <span class='ocr_line' id='line_1_31' title="bbox 367 3927 1434 4002; baseline 0.013 -26"><span class='ocrx_word' id='word_1_253' title='bbox 367 3947 380 3976; x_wconf 76' lang='lat' dir='ltr'>n</span> <span class='ocrx_word' id='word_1_254' title='bbox 390 3927 461 3979; x_wconf 86' lang='lat' dir='ltr'>Deus</span> <span class='ocrx_word' id='word_1_255' title='bbox 474 3928 612 3981; x_wconf 88' lang='lat' dir='ltr'>invisibilis</span> <span class='ocrx_word' id='word_1_256' title='bbox 625 3941 664 3982; x_wconf 90' lang='lat' dir='ltr'>est</span> <span class='ocrx_word' id='word_1_257' title='bbox 675 3929 799 3982; x_wconf 88' lang='lat' dir='ltr'>humanis</span> <span class='ocrx_word' id='word_1_258' title='bbox 809 3947 871 3983; x_wconf 88' lang='lat' dir='ltr'>ocu·</span> <span class='ocrx_word' id='word_1_259' title='bbox 926 3943 1085 4002; x_wconf 87' lang='lat' dir='ltr'>potestatem</span> <span class='ocrx_word' id='word_1_260' title='bbox 1108 3934 1285 3988; x_wconf 88' lang='lat' dir='ltr'>tenebrarum.</span> <span class='ocrx_word' id='word_1_261' title='bbox 1331 3935 1372 3989; x_wconf 88' lang='lat' dir='ltr'>De</span> <span class='ocrx_word' id='word_1_262' title='bbox 1393 3937 1434 3989; x_wconf 90' lang='lat' dir='ltr'>iu·</span> 
     </span>
     <span class='ocr_line' id='line_1_32' title="bbox 366 4011 1433 4085; baseline 0.012 -23"><span class='ocrx_word' id='word_1_263' title='bbox 366 4032 378 4062; x_wconf 72' lang='grc' dir='ltr'>ι(</span> <span class='ocrx_word' id='word_1_264' title='bbox 389 4011 430 4076; x_wconf 87' lang='lat' dir='ltr'>lis,</span> <span class='ocrx_word' id='word_1_265' title='bbox 449 4013 494 4064; x_wconf 87' lang='lat' dir='ltr'>sed</span> <span class='ocrx_word' id='word_1_266' title='bbox 513 4029 545 4065; x_wconf 88' lang='lat' dir='ltr'>ex</span> <span class='ocrx_word' id='word_1_267' title='bbox 566 4014 732 4082; x_wconf 90' lang='lat' dir='ltr'>providentia</span> <span class='ocrx_word' id='word_1_268' title='bbox 757 4014 813 4067; x_wconf 90' lang='lat' dir='ltr'>eius</span> <span class='ocrx_word' id='word_1_269' title='bbox 832 4016 869 4067; x_wconf 94' lang='lat' dir='ltr'>vi·</span> <span class='ocrx_word' id='word_1_270' title='bbox 925 4028 1026 4070; x_wconf 86' lang='lat' dir='ltr'>storum</span> <span class='ocrx_word' id='word_1_271' title='bbox 1046 4017 1129 4071; x_wconf 92' lang='lat' dir='ltr'>salute</span> <span class='ocrx_word' id='word_1_272' title='bbox 1148 4031 1210 4072; x_wconf 84' lang='lat' dir='ltr'>ante</span> <span class='ocrx_word' id='word_1_273' title='bbox 1226 4019 1372 4085; x_wconf 89' lang='lat' dir='ltr'>Christum,</span> <span class='ocrx_word' id='word_1_274' title='bbox 1385 4021 1433 4076; x_wconf 87' lang='lat' dir='ltr'>cf.</span> 
     </span>
     <span class='ocr_line' id='line_1_33' title="bbox 366 4097 1433 4174; baseline 0.012 -30"><span class='ocrx_word' id='word_1_275' title='bbox 366 4097 466 4148; x_wconf 86' lang='lat' dir='ltr'>«detur</span> <span class='ocrx_word' id='word_1_276' title='bbox 490 4107 514 4149; x_wconf 90' lang='lat' dir='ltr'>et</span> <span class='ocrx_word' id='word_1_277' title='bbox 541 4097 732 4168; x_wconf 80' lang='lat' dir='ltr'>intelligiturv:</span> <span class='ocrx_word' id='word_1_278' title='bbox 760 4103 803 4152; x_wconf 76' lang='grc' dir='ltr'>διὰ</span> <span class='ocrx_word' id='word_1_279' title='bbox 822 4107 870 4168; x_wconf 80' lang='grc' dir='ltr'>τῆς</span> <span class='ocrx_word' id='word_1_280' title='bbox 924 4101 1029 4156; x_wconf 73' lang='lat' dir='ltr'>lus&#39;rrrv.</span> <span class='ocrx_word' id='word_1_281' title='bbox 1052 4101 1143 4173; x_wconf 84' lang='lat' dir='ltr'>Tryph.</span> <span class='ocrx_word' id='word_1_282' title='bbox 1156 4117 1200 4168; x_wconf 82' lang='lat'>44,</span> <span class='ocrx_word' id='word_1_283' title='bbox 1215 4116 1241 4157; x_wconf 89' lang='lat' dir='ltr'>et</span> <span class='ocrx_word' id='word_1_284' title='bbox 1261 4103 1327 4158; x_wconf 87' lang='lat' dir='ltr'>infra</span> <span class='ocrx_word' id='word_1_285' title='bbox 1347 4107 1365 4158; x_wconf 92' lang='lat' dir='ltr'>l.</span> <span class='ocrx_word' id='word_1_286' title='bbox 1385 4105 1433 4174; x_wconf 82' lang='lat' dir='ltr'>tv,</span> 
     </span>
     <span class='ocr_line' id='line_1_34' title="bbox 361 4179 1393 4256; baseline 0.012 -24"><span class='ocrx_word' id='word_1_287' title='bbox 361 4179 485 4246; x_wconf 78' lang='grc' dir='ltr'><strong>προνοίας</strong></span> <span class='ocrx_word' id='word_1_288' title='bbox 504 4183 693 4246; x_wconf 64' lang='lat' dir='ltr'>plenescunt</span> <span class='ocrx_word' id='word_1_289' title='bbox 712 4191 818 4238; x_wconf 74' lang='grc' dir='ltr'>νοεῖται.</span> <span class='ocrx_word' id='word_1_290' title='bbox 925 4203 947 4238; x_wconf 93' lang='lat' dir='ltr'>c.</span> <span class='ocrx_word' id='word_1_291' title='bbox 963 4201 1021 4252; x_wconf 82' lang='lat' dir='ltr'>xvt,</span> <span class='ocrx_word' id='word_1_292' title='bbox 1042 4201 1071 4256; x_wconf 79' lang='lat'>33</span> <span class='ocrx_word' id='word_1_293' title='bbox 1094 4201 1182 4253; x_wconf 70' lang='lat' dir='ltr'>xxv-&#39;m</span> <span class='ocrx_word' id='word_1_294' title='bbox 1201 4203 1231 4254; x_wconf 76' lang='lat'>23</span> <span class='ocrx_word' id='word_1_295' title='bbox 1250 4189 1296 4254; x_wconf 90' lang='grc' dir='ltr'>ΙΙΙ,</span> <span class='ocrx_word' id='word_1_296' title='bbox 1311 4205 1349 4256; x_wconf 77' lang='lat' dir='ltr'>xl,</span> <span class='ocrx_word' id='word_1_297' title='bbox 1366 4191 1393 4244; x_wconf 89' lang='lat'>8.</span> 
     </span>
    </p>
   </div>
   <div class='ocr_carea' id='block_1_5' title="bbox 0 0 1642 5100">
    <p class='ocr_par' dir='ltr' id='par_1_7' title="bbox 0 0 1642 5100">
     <span class='ocr_line' id='line_1_35' title="bbox 0 0 1642 5100; baseline 0 7"><span class='ocrx_word' id='word_1_298' title='bbox 0 0 1642 5100; x_wconf 95' lang='lat' dir='ltr'> </span> 
     </span>
    </p>
   </div>
  </div>
 </body>
</html>
