3238 5090
207 465 344 534 (XXXIII,
353 465 513 533 4-XXXIV‚
527 467 577 537 3).]
601 471 691 517 LIBER
713 471 878 516 SECUNDUS
1206 471 1268 536 413

205 679 294 748 patus
322 678 368 728 est
394 661 596 749 passionem?
649 661 764 750 Typus
792 662 877 728 enim
908 677 938 730 et
967 662 1075 752 imago
1099 660 1271 730 secundum

205 769 379 849 materiam,
403 783 434 834 et
464 766 638 836 secundum
665 767 871 835 substantiam
900 768 1063 858 aliquoties
1094 793 1111 836 a
1141 771 1270 837 veritate

204 872 346 940 diversus
360 891 420 941 est:
438 874 609 943 secundum
625 892 731 942 autem
747 875 888 943 habitum
900 893 931 944 et
942 875 1168 942 lineamentum
1180 875 1272 943 debet

205 1002 328 1046 servare
351 979 601 1063 similitudinem,
621 998 651 1048 et
674 981 816 1048 similiter
839 981 1003 1050 ostendere
1026 1005 1081 1071 per
1100 984 1271 1072 praesentia

205 1085 255 1151 illa
278 1109 357 1174 quae
381 1109 445 1154 non
468 1103 541 1154 sunt
565 1088 794 1174 praesentiae>

273 1211 301 1258 2.
325 1193 364 1258 Et
386 1216 451 1259 non
475 1193 580 1259 solum
603 1195 636 1260 in
660 1194 716 1259 hac
744 1193 875 1260 muliere
899 1194 970 1260 anni
998 1192 1188 1260 infirmitatis
1218 1191 1272 1260 de-

205 1301 307 1387 scripti
332 1316 415 1380 sunt,
434 1321 514 1387 quos
533 1302 668 1388 coaptari
687 1299 795 1367 dicunt
818 1298 971 1388 figmento
990 1323 1059 1383 suo,
1078 1298 1132 1366 sed
1151 1321 1223 1365 ecce
1241 1316 1271 1365 et

205 1406 263 1471 alia
288 1407 402 1472 mulier
417 1406 558 1472 similiter
574 1427 652 1473 xvtu
667 1407 755 1472 anuis
771 1404 939 1488 infirmata,
958 1423 1063 1472 sanata
1080 1423 1137 1488 est,
1156 1403 1195 1472 de
1210 1429 1271 1492 qua

204 1513 363 1608 Dominus
387 1513 441 1579 ait:
461 1540 477 1576 a
494 1513 583 1580 Hanc
602 1530 706 1580 autem
731 1513 828 1578 filiam
848 1512 1002 1592 Abrahae,
1020 1535 1113 1600 quam
1134 1513 1271 1600 alligavit

210 1619 370 1684 «Satanas
392 1618 501 1686 decem
525 1636 555 1685 et
578 1636 650 1687 octo
674 1620 773 1702 annis,
797 1642 862 1685 non
881 1619 1043 1707 oportebat
1066 1619 1146 1685 solvi
1169 1620 1202 1686 iu
1220 1617 1271 1686 die

210 1751 226 1787 (ι
241 1725 411 1792 sabbati?»
426 1727 460 1780 (Ι)
516 1727 548 1793 Si
572 1750 648 1815 ergo
672 1727 722 1793 illa
745 1744 839 1814 typus
863 1743 927 1793 erat
949 1726 1128 1793 duodecimi
1151 1727 1270 1792 Aeonis

204 1834 296 1918 passi,
320 1850 350 1898 et
373 1831 449 1899 haec
472 1849 565 1922 typus
584 1856 653 1899 esse
671 1832 785 1900 decimi
804 1835 907 1899 octavi
929 1833 1048 1898 Aeonis
1071 1832 1152 1921 passi
1168 1830 1269 1899 debet.

205 1938 265 2006 Sed
288 1963 352 2006 non
384 1938 498 2007 habent
532 1938 710 2007 ostendere:
735 1939 873 2027 alioquin
905 1939 1005 2026 prima
1028 1957 1058 2004 et
1092 1939 1270 2027 principalis

203 2069 315 2113 eorum
338 2047 457 2136 ogdoas
481 2044 757 2112 connumerabitur
782 2048 955 2134 compassis
978 2046 1150 2113 Aeonibus.
1209 2044 1269 2113 Sed

203 2171 232 2220 et
260 2155 339 2220 alius
362 2170 467 2220 autem
497 2152 624 2242 quidam
656 2170 821 2220 sanatura
852 2153 995 2220 Domino
1019 2173 1140 2220 xxxvttr
1170 2176 1270 2219 annos

203 2260 318 2327 habens
333 2262 365 2326 in
381 2283 435 2326 sua
455 2262 600 2348 passione
610 2259 659 2328 ιθ)
674 2275 703 2325 et
716 2260 915 2347 trigesimum
932 2277 962 2325 et
977 2277 1125 2326 octavum
1142 2282 1268 2348 passum

201 2369 345 2434 Aeonem
368 2367 481 2434 dicant.
528 2367 562 2434 Si
577 2367 663 2433 enim
681 2389 760 2454 quae
779 2389 796 2432 a
815 2366 956 2432 Domino
977 2365 1054 2432 iacta
1074 2383 1157 2448 sunt,
1175 2383 1268 2456 typos

202 2497 269 2540 esse
281 2472 388 2542 dicunt
400 2497 511 2540 eorum
527 2496 606 2562 quae
622 2474 742 2540 suntin
760 2474 946 2556 Pleromate,
962 2490 1055 2560 typus
1072 2474 1104 2539 in
1120 2472 1268 2540 omnibus

200 2579 290 2648 debet
314 2584 440 2648 servari.
487 2579 548 2648 Sed
564 2603 665 2668 neque
680 2604 749 2647 eam
765 2603 844 2668 quae
861 2597 932 2667 post
955 2600 1032 2646 xvrrt
1046 2603 1147 2646 annos
1163 2597 1268 2648 curata
1319 2655 1321 2660 ¹

201 2705 257 2764 est,
281 2712 338 2754 nec
362 2711 435 2754 eum
463 2689 516 2776 qui
541 2705 612 2775 post
635 2707 757 2753 xxxvnr
780 2709 880 2753 annos
904 2703 1028 2754 curatus
1056 2703 1113 2770 est,
1136 2706 1268 2774 possunt

199 2793 342 2882 adaptare
365 2817 423 2860 suo
450 2792 614 2882 figmento.
660 2793 820 2859 Insulsum
850 2810 954 2860 autem
985 2809 1016 2859 et
1043 2794 1268 2860 inconveniens

201 2918 247 2967 est
265 2901 454 2968 omnimodo
472 2900 575 2968 dicere
599 2901 630 2966 in
646 2899 832 2988 quibusdam
849 2898 977 2987 quidem
996 2921 1137 2965 servasse
1155 2917 1266 2987 typum

200 3007 406 3086 Salvatorem,
430 3007 462 3071 in
480 3004 667 3094 quibusdam
687 3023 792 3071 autem
812 3029 876 3072 non
900 3028 1049 3072 servasse.
1096 3006 1267 3072 Dissimilis

201 3135 276 3201 ergo
299 3131 329 3179 et
353 3111 493 3178 mulieris
512 3129 605 3199 typus
629 3113 758 3200 negotio
781 3114 928 3179 Aeonum
942 3111 976 3166 (4)
998 3111 1181 3179 ostenditur.

267 3327 345 3393 Cau.
369 3325 492 3392 XXIV.
517 3325 620 3416 [WH.
646 3325 802 3406 XXXIV,
824 3325 870 3415 y].
921 3347 948 3392 1.
972 3324 1083 3392 Adhuc
1107 3344 1212 3392 autem
1237 3344 1267 3391 et

200 3431 313 3499 falsum
326 3431 520 3500 demonstrat
533 3448 750 3500 commentum
760 3455 872 3499 eorum
884 3449 914 3498 et
926 3431 1069 3499 instabile
1078 3431 1265 3522 figmentum

200 3562 310 3607 eorum
326 3542 420 3607 etiam
433 3540 493 3606 hoc
506 3541 621 3628 ipsum,
633 3538 715 3628 quod
728 3562 783 3627 per
795 3563 945 3606 numeros
957 3539 1122 3628 aliquando
1137 3539 1265 3628 quidem

233 3774 407 3840 (1)Revocat
423 3774 450 3826 in
469 3785 587 3828 mentem
600 3774 703 3828 Aristo·
794 3777 834 3842 (3)
854 3774 909 3829 Csr.
924 3775 1026 3830 Ionnu.
1042 3776 1075 3840 V,
1092 3773 1118 3842 6,
1139 3777 1172 3830 de
1190 3793 1265 3846 para-

197 3855 703 3928 telicamsignidefinitionem:c‹aliquid
757 3860 840 3931 lytico
859 3860 891 3912 ad
910 3860 1040 3930 piscinam
1059 3861 1222 3914 Bethsaidae.

200 3957 355 4010 «praesens,
368 3957 413 3994 sua
427 3941 638 3994 consideratione
657 3942 703 3994 du·
793 3945 834 4011 (4)
853 3945 872 3997 I.
892 3961 915 3998 e.
937 3945 1112 4013 πραγματείᾳ.
1148 3945 1265 3998 Hnnvur

200 4041 284 4077 «cens
304 4024 331 4078 in
357 4025 463 4079 alterius
491 4025 606 4078 absentis
634 4027 702 4078 noti·
758 4029 845 4099 inepte
864 4029 1030 4082 immutanda
1049 4031 1114 4082 haec
1129 4041 1218 4082 censet
1238 4029 1265 4081 in

199 4109 322 4161 ctiam».
761 4113 891 4184 «negatio
915 4129 1043 4177 eorum»,
1071 4113 1144 4185 quasi
1172 4130 1266 4184 graece

231 4193 274 4262 (2)
294 4193 358 4246 Luc.
375 4192 446 4258 XIII,
462 4193 487 4248 6.
757 4201 774 4264 ἡ
794 4201 894 4250 τούτων
913 4201 1045 4264 ἀπόφασις
1065 4197 1149 4251 luerit.
