3230 5062
193 441 227 510 (1,
242 443 362 511 1t-15l·]
617 443 708 489 traua
731 441 846 488 artatus
1197 443 1257 507 129

191 649 300 700 ventes
325 631 467 700 membra
485 632 674 700 varinnas>
720 631 930 700 Transierunt
944 649 1049 700 autem
1069 649 1100 699 et
1114 633 1260 701 transfin-

191 756 280 828 gunt,
296 757 327 807 et
349 739 483 808 alterum
498 762 536 806 ea
552 740 650 808 altero
666 738 825 822 facientes,
848 739 999 807 seducunt
1016 739 1134 806 multos
1153 763 1191 806 ex
1210 739 1258 806 his

190 869 271 937 quae
293 862 398 937 aptant
420 869 458 912 ex
480 845 651 914 dominicis
668 845 799 934 eloquiis
823 847 905 914 male
928 849 1107 935 composito
1130 847 1258 936 phanta-

190 954 294 1019 smati.
342 951 518 1034 Quomodo
542 953 569 1018 si
591 953 663 1040 quis
685 951 768 1039 regis
792 952 963 1040 imaginem
987 951 1104 1019 bonam
1128 951 1259 1020 fabrica-

190 1059 295 1126 tamo)
313 1057 476 1146 diligenter
492 1080 530 1125 ex
547 1059 685 1146 gemmis
701 1059 846 1146 pretiosis
865 1081 881 1124 a
898 1059 1035 1146 sapiente
1050 1057 1179 1140 artifice,
1194 1059 1259 1126 sol-

190 1189 269 1232 vens
292 1163 504 1232 subiacentem
521 1164 659 1231 hominis
675 1163 811 1252 liguram
831 1162 994 1231 transferat
1011 1188 1155 1252 gemmas
1178 1165 1257 1246 illas,

190 1289 221 1340 et
244 1271 420 1340 reformans
444 1271 536 1340 iaciat
554 1296 593 1338 ex
615 1271 664 1338 his
683 1270 821 1339 formam
845 1274 931 1338 canis
951 1273 998 1338 vel
1017 1273 1210 1360 vulpeculae,
1227 1289 1257 1339 et

190 1379 271 1446 hanc
294 1379 376 1445 male
398 1378 600 1466 dispositam;
615 1377 728 1446 dehinc
744 1377 911 1446 confirmet
930 1395 960 1446 et
979 1378 1071 1461 dicat,
1090 1379 1169 1447 hanc
1189 1401 1257 1446 esse

189 1485 273 1572 regis
297 1484 382 1552 illam
412 1486 585 1572 imaginem
609 1483 737 1566 bonam,
759 1509 855 1574 qnam
879 1487 1001 1576 sapiens
1025 1485 1134 1553 artifex
1164 1484 1259 1554 fabri-

188 1594 272 1658 cavit
288 1590 456 1658 ostendens
471 1614 627 1680 gemmas,
643 1613 721 1680 quae
740 1590 819 1659 bene
841 1591 970 1680 quidem
986 1617 1003 1660 a
1018 1594 1122 1680 primo
1140 1592 1257 1660 artifice

189 1699 222 1765 in
246 1699 330 1786 regis
346 1699 517 1786 imaginem
534 1701 728 1786 compositae
744 1715 841 1780 erant,
860 1700 942 1766 male
960 1724 1037 1768 vero
1052 1725 1069 1768 a
1085 1703 1259 1785 posteriore

189 1805 222 1870 in
247 1804 332 1870 canis
355 1801 490 1892 figuram
513 1803 677 1870 translatae
701 1821 787 1884 sunt;
812 1821 842 1870 et
865 1827 919 1892 per
942 1828 1142 1894 gemmarum
1161 1807 1260 1896 phan-

189 1911 343 1977 rasiano>
360 1909 492 1999 decipiat
510 1909 633 1992 idiotas,
651 1911 705 1998 qui
724 1910 1039 2000 comprehensionem
1063 1914 1175 2002 regalis
1196 1913 1260 1982 sor-

189 2069 287 2148 θείας.
333 2069 542 2156 Μεταφέρουσι
560 2073 594 2135 δὲ
612 2073 665 2135 καί
683 2071 933 2155 μεταπλάττουσι,
948 2075 1000 2137 καί
1018 2074 1095 2140 ἄλλο
1113 2075 1145 2153 ἐξ
1164 2076 1258 2140 ἄλλου

188 2187 345 2254 ποιοῦντες
367 2175 537 2255 ἐξαπατῶσι
559 2178 689 2255 πολλοὺς
704 2185 743 2263 τη
757 2187 817 2243 τῶν
835 2179 1086 2266 ἑφαρμσζομίνων
1106 2193 1258 2270 κυριακῶν

188 2285 300 2368 λογίων
313 2283 533 2368 κακοσυνδέτῳ
547 2285 706 2370 φαντασίᾳ.
752 2284 868 2371 Ὀνπερ
882 2287 992 2372 τρόπον
1007 2291 1034 2353 εί
1047 2311 1099 2370 τις,
1113 2289 1258 2377 βασιλέως

189 2390 305 2466 είκίνος
322 2390 420 2474 καλης
436 2390 719 2474 κατεσκευασμένης
737 2390 887 2477 ἐπιμελῶς
903 2393 939 2456 ἐκ
954 2393 1090 2479 ψηφίδων
1104 2395 1258 2479 ἐπισήμων

187 2498 248 2561 ὑπὸ
262 2506 359 2580 σοφοῦ
372 2497 517 2582 τεχνίτου,
533 2497 628 2574 λύσας
641 2499 695 2581 την
708 2496 908 2584 ὑποκειμένην
923 2509 975 2564 τοῦ
988 2501 1151 2587 ἀνθρώπου
1167 2501 1256 2584 ἰδέαν,

189 2603 364 2690 μετενέγκοι
386 2607 440 2681 τὰς
461 2604 594 2688 ψηφῖδας
616 2604 742 2687 ἐκείνας,
765 2607 819 2668 καί
842 2606 1041 2690 μεθαρμόσοι,
1064 2609 1116 2671 καί
1138 2608 1259 2692 ποιήσοι

189 2715 305 2796 μορφὴν
319 2715 410 2788 κυνὸς
422 2714 443 2795 ἢ
458 2709 627 2792 ἀλώπεκος,
639 2713 691 2774 καὶ
706 2712 816 2795 ταύτην
827 2713 948 2796 φαύλως
963 2714 1257 2800 κατεσκευασμένην,

189 2819 294 2883 ἔπειτα
307 2819 475 2903 διορίζοιτο,
491 2821 544 2884 καί
553 2818 637 2904 λέγοι
649 2819 760 2904 ταύτην
770 2821 845 2884 εἶναι
855 2823 910 2904 τὴν
921 2831 972 2884 τοῦ
984 2819 1130 2906 βασιλέως
1142 2823 1259 2906 ἐκείνην

188 2925 294 2988 εἰκόνα
316 2927 369 3009 τὴν
391 2925 500 3010 καλὴν,
524 2925 593 3010 ἣνδ
610 2929 703 3009 σοφὸς
724 2925 861 3010 τεχνίτης
884 2927 1119 3009 κατεσκεύασεν,
1143 2929 1259 3004 δεικνὺς

187 3034 243 3108 τίις
265 3031 396 3115 ψηφιδας
419 3036 472 3109 τὰς
494 3033 596 3109 καλῶς
618 3033 677 3096 ὑπὸ
700 3040 752 3095 τοῦ
774 3032 910 3116 τεχνίτου
933 3040 985 3096 τοῦ
1007 3033 1128 3118 πρώτου
1147 3036 1187 3111 εἰς
1205 3036 1259 3118 τὴν

188 3148 242 3202 τοῦ
266 3137 412 3224 βασιλέως
436 3136 537 3204 είκὸνα
559 3137 766 3221 συντεθείσας,
793 3149 899 3216 κακῶς
921 3140 954 3203 δὲ
977 3141 1036 3204 ὑπὸ
1058 3149 1111 3205 τοῦ
1133 3140 1259 3225 ὑστέρου

189 3245 232 3322 εἰς
254 3249 343 3322 κυνὸς
365 3249 482 3331 μορφὴν
504 3244 748 3331 μετενεχθείσας,
764 3247 817 3309 καὶ
832 3246 882 3308 διὰ
896 3255 948 3330 της
963 3256 1021 3311 τῶν
1039 3247 1174 3332 ψηφίδων
1187 3267 1259 3330 epav-

188 3353 296 3429 τασίας
318 3353 478 3438 μεθοδεὺοι
499 3357 568 3429 τοὺς
586 3350 805 3438 ἀπειροτέρσυς,
823 3356 893 3430 τους
909 3353 1080 3436 κατάληψιν
1103 3352 1259 3439 βασιλικῆς

227 3496 268 3562 (ι)
288 3493 307 3546 1.
318 3505 463 3563 espanes
473 3493 578 3548 veritati
592 3493 701 3558 debitas,
754 3495 880 3564 postremi
908 3505 997 3547 tamen
1023 3496 1121 3565 copr'ens
1149 3495 1258 3559 addunt,

193 3577 463 3650 epessumdantesa3
483 3578 579 3648 duplex
599 3578 643 3632 scl.
663 3578 701 3630 vi·
753 3589 892 3649 ceteraque
907 3579 1075 3632 coniunctive
1094 3591 1258 3644 construunt,

188 3664 274 3728 tium;
305 3662 469 3716 extrinsecus
496 3661 556 3733 quia
579 3662 646 3715 nihil
668 3663 700 3716 de
754 3662 771 3714 i.
794 3679 816 3715 e.
843 3664 951 3716 «solvat
1017 3662 1176 3717 reformet».
1207 3664 1259 3718 Pro

189 3749 293 3812 ordine,
315 3747 471 3800 intrinsecus
492 3747 554 3818 quia
578 3747 643 3800 nihil
668 3748 700 3801 de
754 3746 827 3812 bona,
836 3766 875 3818 gr.
895 3759 933 3801 est
951 3751 1066 3816 καλὴνε
1079 3749 1206 3817 pulcram,
1216 3749 1259 3800 hic

188 3849 255 3886 vero
263 3849 342 3885 sensu
352 3831 482 3885 sermonis
491 3842 592 3885 curant.
602 3863 620 3871 -
629 3831 700 3886 Loco
753 3842 779 3884 et
793 3832 928 3902 deinceps:
941 3848 1008 3902 quae
1021 3849 1074 3884 vox
1087 3847 1101 3883 a
1115 3831 1257 3902 coddSyr.

187 3919 271 3979 τάξιν,
280 3915 365 3969 Enna.
380 3917 460 3981 λέξιν,
473 3929 500 3970 at
514 3915 616 3982 vitiose,
626 3918 698 3987 legit.
752 3916 802 3968 hac
816 3916 874 3968 vice
885 3916 971 3968 omitt.
982 3917 1016 3969 ob
1028 3916 1110 3986 inseq.
1120 3915 1259 3986 diligenter.

224 4002 268 4068 (2)
283 3999 393 4065 Graece,
405 3999 456 4054 tria
469 4000 535 4054 haec
547 4000 626 4053 verba
639 4013 699 4054 sunt
788 4002 831 4068 (ς)
851 3999 943 4052 Melius
969 4002 1086 4070 speciem:
1116 4011 1142 4052 at
1166 4000 1260 4052 eadem

188 4085 216 4138 in
237 4085 434 4148 abl.absoluto;
456 4095 483 4138 at
498 4096 610 4138 accusat.
624 4085 698 4137 adhi-
752 4085 832 4137 verba
847 4085 929 4138 voluit
949 4084 1073 4138 adhibere
1091 4085 1184 4155 quibus
1199 4101 1260 4136 usus

187 4169 253 4222 bent
263 4167 361 4239 pariter
369 4167 454 4222 Ευιικ.
465 4181 490 4222 et
504 4168 579 4222 codd.
588 4167 645 4241 Syr.
653 4168 697 4240 qui
752 4181 792 4222 est
807 4170 885 4238 paulo
897 4170 1015 4238 superius
1027 4169 1059 4221 de
1073 4169 1206 4239 Scriptura
1221 4169 1260 4221 lo-

263 4379 318 4422 ειιι.
333 4379 399 4422 saur
415 4380 471 4422 rur.
486 4380 540 4434 (ser.
557 4381 587 4435 ιι)
602 4381 642 4422 ιιι,
1171 4363 1187 4416 9
