3230 5062
191 427 225 495 (ι,
248 425 369 496 18-19).]
613 429 702 476 tmen
726 429 841 476 narnus
954 383 955 388 ¹
1198 427 1255 493 143

192 617 329 701 rabilior,
351 617 623 708 quemadmodum
645 617 763 700 dicunt,
787 621 819 685 in
841 621 953 707 primis
977 622 1083 708 utique
1105 621 1260 708 posuisset

192 726 385 808 nominibus
400 743 431 792 et
446 727 491 792 sic
515 724 704 793 adiunxisset
727 725 908 807 secundam,
924 742 959 792 ut
973 748 1028 814 per
1043 724 1187 792 ordinem
1202 749 1262 791 no-

193 833 317 898 minum
340 830 420 900 ordo
443 831 660 900 ostenderetur
683 834 912 900 octonarionis:
936 850 967 900 et
985 855 1050 899 non
1066 833 1173 920 utique
1191 848 1261 920 post

190 955 313 1005 tantum
336 938 537 1006 intervallum
555 940 643 1027 quasi
660 937 786 1021 oblitus,
802 937 913 1007 deinde
932 955 1212 1020 commemoratus
1228 940 1261 1004 in

191 1047 369 1113 novissimo
381 1047 500 1134 primae
514 1064 709 1113 memoratus
724 1045 834 1114 fuisset
849 1047 1104 1136 quaternationis¹
1139 1045 1261 1115 Deinde

191 1170 297 1219 autem
320 1169 351 1218 et
374 1154 611 1241 coniugationes
635 1151 810 1242 significare
834 1153 955 1234 volens,
974 1171 1004 1221 et
1020 1154 1176 1220 Ecclesiae
1196 1177 1260 1222 non

189 1261 451 1347 praetermisisset
465 1283 600 1339 nomen3
614 1259 667 1326 sed
682 1276 735 1326 aut
750 1277 781 1326 et
796 1260 829 1326 in
844 1261 971 1349 reliquis
988 1259 1260 1348 coniugationibus

191 1381 358 1434 contentus
383 1364 492 1433 luisset
516 1366 728 1433 masculorum
757 1366 973 1455 appellatione,
997 1367 1140 1434 similiter
1162 1390 1261 1456 quum

193 1489 322 1562 possent
343 1490 375 1540 et
398 1473 448 1540 illa
473 1473 568 1540 simul
588 1471 757 1556 subaudiri,
777 1475 974 1542 munitatem
988 1497 1042 1562 per
1054 1476 1162 1540 omnia
1180 1491 1262 1540 esset

191 1579 391 1660 custodiens3
416 1597 468 1648 aut
491 1581 518 1647 si
541 1581 735 1668 reliquorum
754 1582 990 1670 coniugationes
1007 1580 1218 1667 enumerabat,
1232 1599 1262 1649 et

193 1687 351 1775 Anthropi
363 1685 412 1778 (id
427 1704 484 1770 est,
496 1687 662 1777 Hominis)
675 1688 781 1776 utique
795 1686 1025 1755 manifestasset
1040 1689 1219 1776 coniugem,
1232 1705 1262 1755 et

193 1794 373 1882 utiquenon
383 1793 804 1861 remisissetdedivinatione
813 1817 871 1861 nos
880 1797 1018 1883 accipere
1028 1817 1145 1860 nomen
1155 1795 1261 1882 ipsius.

262 1919 292 1966 2.
323 1899 490 1967 Manifesta
524 1901 619 1988 igitur
653 1902 859 1990 expositionis
893 1923 1005 1967 eorum
1037 1898 1264 1967 transfirmo>

191 2005 310 2072 Ioanne
333 2007 418 2071 enim
443 2028 541 2072 unum
561 2006 667 2072 Deum
686 2008 938 2094 omnipotentem
958 2022 988 2072 et
1005 2029 1103 2072 unum
1120 2006 1264 2094 unigeni-

192 2129 263 2178 tum
287 2111 450 2180 Christum
473 2113 577 2180 Iesum
600 2114 848 2179 annunciantes>
865 2135 919 2201 per
938 2135 1033 2200 quem
1056 2113 1165 2178 omnia
1183 2111 1262 2178 lacta

193 2243 262 2288 esse
285 2221 369 2303 dicit,
386 2221 468 2289 hunc
492 2221 635 2288 Verbum
651 2223 723 2303 Dei,
739 2221 822 2288 hunc
837 2223 1045 2309 unigenitum,
1063 2221 1146 2287 hunc
1165 2220 1263 2287 facto-

195 2439 298 2520 ούσαν,
322 2437 428 2514 καθώς
449 2435 598 2522 λέγωσιν,
623 2437 656 2502 ἐν
678 2435 805 2522 πρώτοις
828 2439 865 2501 ἂν
887 2436 1022 2501 τεθείκει
1044 2446 1105 2514 τοῖς
1127 2433 1262 2521 ὀνόμασι,

193 2546 246 2606 καὶ
269 2546 361 2620 οὓτως
380 2543 537 2628 ἐπεζεύχει
556 2547 611 2629 τὴν
629 2543 780 2628 δευτέραν,
798 2545 846 2607 ἵνα
865 2544 914 2607 διὰ
928 2553 981 2628 τῆς
1000 2542 1110 2621 τεύξεως
1127 2553 1186 2607 τών
1201 2544 1264 2607 δνο-

196 2650 298 2733 μύιτων
315 2651 334 2733 ἡ
353 2649 434 2728 τύξις
451 2651 564 2736 δειχθῇ
581 2660 635 2735 τῆς
654 2651 812 2736 ὀγδοάδος·
833 2653 886 2715 καὶ
904 2653 961 2715 οὐκ
977 2653 1013 2714 ἂν
1030 2653 1106 2734 μετὰ
1122 2661 1264 2715 τοσούτω

194 2757 355 2841 διάστημα,
378 2757 419 2834 ώς
446 2757 678 2842 ἔκλελησμένος,
706 2759 812 2822 ἔπειτα
838 2757 1051 2843 ἀναμνησθεὶς,
1080 2756 1129 2822 ἐπ’
1142 2758 1264 2842 ἐσχάτῳ

195 2872 250 2946 τῆς
272 2863 390 2948 πρώτης
411 2861 561 2948 ἐμέμνητο
583 2863 735 2947 τετράδος.
781 2863 913 2928 Ἔπειτα
931 2863 965 2928 δὲ
983 2866 1035 2928 καὶ
1053 2867 1105 2940 τὰς
1124 2863 1266 2948 συζυγίας

194 2979 327 3053 σημᾶναι
342 2969 453 3054 θέλων,
469 2972 570 3034 καὶτὸ
585 2981 638 3054 τῆς
654 2970 843 3055 Ἐκκλησύας
854 2973 912 3034 οῦκ
926 2972 964 3035 ἂν
977 2970 1141 3056 παρέλιπεν
1153 2973 1264 3054 ὄνομα·

195 3073 297 3160 ἀλλ’ἢ
319 3077 373 3140 καὶ
389 3077 440 3140 επὶ
456 3086 516 3141 τών
534 3075 646 3142 λοιπῶν
665 3077 812 3162 συζυγιών
834 3077 973 3163 ἠρκέσθη
996 3087 1033 3160 τῇ
1056 3087 1114 3142 τών
1137 3075 1265 3162 αρρένων

195 3184 391 3270 προσηγορίᾳ,
415 3184 524 3270 ὁμοίως
546 3184 717 3269 δυναμένων
739 3184 887 3271 κᾴκεένων
913 3184 1192 3264 συνυπακούεσθαι,
1217 3185 1266 3247 ἵνα

195 3293 250 3374 τὴν
268 3290 394 3376 ἑνότητα
411 3290 460 3354 δα
482 3291 600 3356 πάντων
615 3294 635 3376 pl
651 3291 842 3374 περυλακώς,
862 3291 925 3375 ἢεί
942 3301 1000 3354 τών
1015 3290 1128 3355 λοιπῶν
1143 3292 1197 3367 τὰς
1214 3313 1265 3354 συ-

197 3397 306 3482 ζύγους
319 3397 478 3482 κατέλεγε,
493 3399 546 3462 καὶ
559 3401 614 3484 τὴν
630 3407 683 3462 τοῦ
700 3397 884 3482 Ἀνθρώπου
900 3401 937 3462 ἂν
952 3397 1115 3483 μεμηνύιιει
1127 3397 1265 3481 σύζυγον,

197 3505 251 3567 καὶ
265 3506 322 3567 ούκ
336 3506 373 3566 ἂν
392 3503 508 3588 ἀφῆκεν
523 3504 561 3568 ἐκ
579 3503 718 3588 μαντείας
736 3504 816 3589 ἡμᾶς
834 3503 997 3589 λαμβάνειν
1015 3506 1146 3587 τοῦνομα
1163 3505 1265 3588 αὐτῆς.

267 3628 295 3674 2.
319 3611 443 3694 Φανερύι
466 3613 518 3674 ούν
540 3612 559 3696 ἡ
583 3622 635 3695 τῆς
658 3609 830 3696 ἐξηγήσεως
860 3610 1070 3696 παραπούησις.
1123 3609 1186 3674 Τοῦ
1208 3613 1266 3695 γὰρ

198 3715 341 3782 Ἰωάννου
362 3719 417 3782 ἕνα
446 3715 524 3783 Θεδν
553 3718 794 3804 παντοκράτορα,
817 3720 870 3782 καὶ
892 3719 946 3782 ἕνα
974 3727 1121 3802 μονογενῆ
1149 3716 1266 3802 Ἰησοῦν

198 3824 330 3909 Χριστὸν
351 3829 565 3910 κηρύσσοντος,
586 3823 623 3888 δῖ
637 3829 672 3889 ού
696 3829 733 3889 τὰ
757 3825 856 3889 πάντα
873 3824 1028 3910 γεγονέναι
1047 3823 1140 3910 λέγει,
1163 3833 1268 3888 τοῦτον

198 3930 261 3996 stov
271 3929 362 4014 Θεοῦ,
378 3940 484 3996 τοῦτον
499 3942 655 4017 μονογενῆ,
672 3941 778 3997 τοῦτον
802 3931 920 3997 πάντων
936 3935 1072 4016 ποιητὴν,
1089 3939 1192 3995 τοῦτον
1207 3939 1268 4013 φώς

235 4161 278 4230 (t)
296 4167 572 4231 mpaaotpergzvana
588 4161 669 4216 fictio.
797 4163 838 4230 (2)
858 4161 912 4216 Clr.
932 4163 996 4216 haec
1015 4179 1076 4214 cum
1095 4159 1148 4214 fine
1166 4160 1194 4212 h.
1209 4177 1231 4212 c.
