3238 5090
370 515 433 599 436
656 532 787 579 laeuam
811 531 970 578 anvnnsus
994 531 1149 578 nannesr-:s
1240 529 1443 602 [xxv111‚4-5

367 726 445 793 labis
468 726 570 795 dicitis
604 726 753 810 fructum,
788 743 818 794 et
853 728 1047 815 ignorantiae
1078 727 1298 815 prolationem,
1330 745 1362 794 et
1386 751 1447 796 ne-

368 835 519 901 scientem
541 857 621 922 quae
645 835 709 900 sint
732 857 824 924 super
848 856 933 916 eum,
956 851 988 901 et
1010 856 1228 922 quaecumque
1251 834 1310 901 alia
1334 833 1444 902 dicitis

367 939 406 1006 de
429 963 479 1023 e0,
503 938 697 1008 considerate
722 939 970 1028 magnitudinem
995 939 1205 1028 blasphemiae
1228 942 1260 1007 in
1283 964 1370 1022 eunr,
1386 943 1443 1028 qui

368 1071 440 1114 vere
464 1065 510 1113 est
534 1048 631 1114 Deus.
642 1047 675 1101 (Ι)
721 1048 867 1115 Graviter
895 1046 1024 1134 quidem
1059 1063 1089 1114 et
1124 1047 1255 1114 honeste
1285 1047 1443 1114 videmini

367 1153 480 1234 dicere,
503 1176 562 1220 vos
586 1155 618 1219 in
641 1154 748 1220 Deum
772 1152 912 1232 credere;
935 1153 1048 1221 dehinc
1065 1154 1197 1221 alterum
1214 1155 1320 1220 Deum
1336 1178 1440 1242 quum

369 1261 500 1325 minime
523 1260 648 1348 possitis
672 1257 847 1340 ostendere,
872 1258 955 1326 hunc
978 1261 1093 1347 ipsum,
1126 1261 1158 1326 in
1192 1283 1286 1350 quem
1311 1259 1442 1326 credere

367 1387 426 1431 vos
449 1363 562 1445 dicitis,
587 1363 664 1430 labis
688 1363 835 1446 fructum,
861 1382 891 1432 et
913 1367 1107 1454 ignorantiae
1131 1365 1339 1453 prolationem
1365 1387 1442 1453 pro-

368 1472 526 1536 nuntiatis,
573 1470 676 1560 [WH.
702 1469 809 1548 XLII,
832 1469 876 1560 2].
923 1471 1009 1537 Haec
1032 1487 1138 1537 autem
1155 1471 1297 1552 caecitas,
1313 1487 1343 1536 et
1360 1471 1442 1536 stul-

368 1577 535 1666 tiloquium
559 1574 631 1643 inde
650 1578 794 1664 provenit
817 1576 918 1659 vobis,
941 1575 1026 1665 quod
1055 1575 1133 1644 nihil
1157 1577 1228 1643 Deo
1252 1579 1441 1660 resen·etis;

369 1682 422 1749 sed
441 1700 472 1749 et
495 1684 591 1771 ipsius
614 1683 686 1760 Dei,
710 1701 740 1750 et
764 1684 909 1750 Ennoeae
932 1686 1010 1764 eius,
1042 1701 1072 1749 et
1095 1681 1203 1764 Verbi,
1227 1699 1257 1750 et
1280 1684 1383 1764 Vitae,
1409 1701 1442 1751 et

369 1789 487 1856 Christi
511 1791 687 1858 nativitates
710 1806 740 1857 et
763 1791 953 1877 prolationes
977 1792 1160 1856 annuntiare
1188 1790 1301 1857 vultis:
1326 1807 1357 1856 et
1381 1791 1440 1857 has

367 1919 432 1962 non
451 1896 575 1962 aliunde
591 1897 787 1984 accipientes,
804 1894 858 1961 sed
877 1919 915 1962 ex
934 1894 1100 1963 affectione
1116 1896 1302 1962 hominum:
1322 1913 1352 1961 et
1371 1919 1440 1962 non

368 2001 549 2090 intelligitis,
577 2003 649 2088 quia
683 2002 715 2067 in
748 2001 879 2067 homine
909 1999 1037 2090 quidem
1071 2002 1125 2090 qui
1148 2017 1195 2067 est
1219 2004 1437 2089 compositum

367 2108 493 2188 animal,
516 2109 596 2196 capit
619 2107 801 2174 huiusmodi
824 2105 938 2189 dicere,
961 2109 1042 2174 sicut
1065 2105 1285 2195 praediximus
1305 2130 1438 2174 sensum

369 2215 517 2298 hominis,
541 2231 571 2282 et
595 2237 749 2281 ennoearn
773 2215 928 2296 hominis;
951 2231 982 2280 et
1008 2215 1080 2302 quia
1111 2238 1149 2280 ex
1176 2237 1274 2280 sensu
1304 2238 1438 2296 ennoea,

367 2321 406 2390 de
429 2346 548 2390 ennoea
571 2339 676 2389 autent
707 2322 913 2409 enthymesis,
937 2321 975 2388 de
1007 2321 1184 2409 enthymesi
1214 2338 1320 2388 autem
1343 2323 1439 2410 logos

368 2435 476 2516 <quem
499 2445 604 2494 autem
628 2429 746 2517 logon?
774 2426 856 2493 aliud
891 2427 976 2493 enirn
1011 2443 1058 2493 est
1090 2427 1264 2494 secundum
1295 2428 1439 2495 Graecos

367 2537 469 2624 logos,
493 2535 577 2625 quod
602 2553 648 2602 est
672 2537 840 2624 principale
863 2534 947 2621 quod
972 2537 1142 2623 excogitat3
1166 2534 1249 2616 aliud
1268 2557 1439 2622 organum,

367 2665 420 2730 per
444 2642 528 2732 quod
560 2643 713 2709 emittitur
736 2641 899 2730 logos>:(²)
933 2659 963 2706 et
998 2639 1164 2729 aliquando
1195 2641 1323 2729 quidem
1346 2643 1441 2729 quie-

367 2773 454 2816 scere
477 2768 507 2816 et
530 2765 631 2816 tacere
646 2749 821 2830 hominem,
840 2747 1005 2837 aliquando
1020 2765 1125 2814 autem
1142 2747 1228 2836 loqui
1248 2764 1278 2814 et
1302 2751 1438 2836 operari.

367 2855 545 2946 [Osrnusro
562 2877 715 2930 Quonam
729 2857 800 2922 Nus
816 2857 928 2922 Locos
946 2876 987 2921 nr
1003 2855 1115 2921 Locos
1130 2855 1211 2934 Nus,
1227 2875 1268 2920 nt
1284 2856 1354 2924 Nus
1370 2877 1440 2923 rese

367 2983 422 3028 nst
446 2964 555 3030 Patren
586 2961 742 3052 ouuruul.
789 2963 877 3028 Deus
900 2977 1005 3028 autem
1029 2984 1128 3050 quum
1152 2963 1191 3028 sit
1220 2979 1305 3029 totus
1333 2985 1439 3042 mens,

366 3085 450 3136 totus
465 3070 555 3151 ratio,
573 3085 604 3135 et
619 3086 702 3135 totus
719 3069 843 3156 spiritus
860 3091 1003 3156 operans,
1027 3085 1057 3134 et
1080 3085 1165 3135 totus
1184 3069 1247 3149 lux,
1263 3085 1293 3134 et
1309 3092 1440 3156 semper

366 3177 449 3243 idem
474 3194 504 3243 et
527 3176 670 3242 similiter
693 3177 855 3256 exsistens,
880 3176 960 3241 sicut
984 3192 1014 3241 et
1038 3175 1112 3241 utile
1136 3190 1182 3242 est
1212 3172 1302 3242 nobis
1326 3198 1439 3262 sapere

365 3282 403 3349 de
428 3283 508 3364 Deo,
524 3300 554 3348 et
574 3284 654 3348 sicut
670 3305 707 3348 ex
723 3281 891 3370 Scripturis
906 3280 1069 3362 discimuS,
1085 3304 1151 3347 non
1167 3283 1230 3348 iarn
1249 3280 1436 3350 huiusmodi

365 3388 495 3456 affectus
513 3404 544 3455 et
555 3389 726 3456 divisiones
740 3387 885 3456 decenter
898 3410 971 3476 erga
986 3411 1059 3454 eum
1084 3385 1322 3475 subsequentur.
1369 3389 1400 3454 V
1403 3413 1439 3454 e-

402 3587 443 3653 (r)
462 3584 516 3638 Cir.
527 3604 551 3655 p.
563 3599 605 3654 72·
619 3598 674 3639 not.
689 3601 698 3638 r
712 3597 737 3638 et
748 3584 781 3649 V,
794 3589 873 3648 xavr,

366 3685 390 3734 2,
410 3669 453 3723 ubi
476 3669 544 3722 hanc
565 3669 756 3739 blasphemiam
775 3668 872 3721 Satana

365 3752 481 3824 prolerre
494 3770 548 3806 non
562 3753 658 3806 audere
672 3752 764 3816 docet;
777 3752 832 3806 vid.
845 3763 871 3806 et

364 3837 411 3902 IV,
431 3853 469 3898 rer,
490 3852 514 3890 2.

401 3924 442 3988 (2)
458 3919 552 3974 Glossa
566 3921 721 3991 marginalis
731 3921 872 3974 intextum

365 4006 470 4077 irrepta.
507 4003 608 4058 Videns
623 4005 694 4060 enim
714 4005 772 4076 quis
793 4007 872 4076 paulo

365 4088 432 4142 infra
443 4090 477 4142 lt.
492 4089 564 4161 loqui
577 4089 609 4142 de.
623 4106 695 4142 sensa
709 4106 755 4144 seu
767 4090 872 4143 ratione

365 4185 392 4226 et
410 4172 506 4243 lingua,
522 4190 634 4243 quorum
654 4174 754 4244 primus
774 4185 813 4228 est
829 4191 871 4227 or-

364 4274 463 4328 ganum
473 4257 547 4311 verbi
560 4257 666 4322 interni,
675 4259 788 4311 alterum
799 4259 871 4312 verbi

926 3584 1037 3650 externi,
1056 3585 1125 3637 hanc
1140 3601 1214 3637 suam
1231 3584 1437 3656 perplexitatem

927 3671 1062 3742 expressit.
1100 3670 1180 3723 Aliud
1195 3687 1292 3741 nempe
1310 3681 1349 3724 est
1359 3671 1437 3728 iuxta

926 3753 1043 3807 Graecos
1067 3756 1149 3821 λόγος
1174 3771 1219 3807 seu
1238 3756 1303 3807 ratio
1323 3753 1438 3823 [princi-

926 3840 985 3908 pale
1000 3839 1069 3909 quod
1085 3837 1231 3909 excogitat]
1248 3855 1294 3892 seu
1307 3838 1350 3908 qui
1364 3855 1379 3890 a
1393 3855 1437 3892 ra-

926 3923 998 3977 tione
1017 3923 1156 3988 emittitur,
1179 3922 1254 3994 aliud
1274 3939 1338 3976 vero
1357 3923 1438 3994 logos

926 4008 969 4078 qui
998 4005 1129 4059 emittitur
1152 4023 1198 4077 per
1221 4023 1353 4077 organum
1383 4005 1437 4059 lin·

925 4107 1000 4161 guae.
1043 4089 1096 4144 Clr.
1121 4090 1263 4144 anrnur.
1288 4089 1349 4143 Dia.
1376 4091 1436 4144 inst.

925 4173 972 4240 IV,
980 4189 1004 4245 9.
1038 4175 1089 4228 Sed
1099 4175 1219 4245 etglossa
1230 4192 1245 4226 a
1257 4175 1320 4228 sede
1330 4175 1437 4228 aberrat

925 4276 1006 4330 quum
1025 4259 1120 4312 melius
1142 4259 1284 4312 conveniat
1303 4257 1370 4312 infra
1389 4260 1435 4313 ubi
