3172 5044
471 446 755 494 VALENTINIANISMI
780 446 862 492 FATA
1156 447 1197 514 47

138 640 396 716 ‹incluserat›
424 641 593 740 [Tertull.
609 641 692 715 Val.
716 641 791 741 14],
808 658 865 716 tot
880 636 1067 716 attributis
1085 661 1200 742 atque

128 766 339 840 actionibus
364 782 628 864 supponuntur
656 783 697 840 ut
715 766 825 864 plane
846 793 1031 865 personae
1051 769 1200 844 divinae

129 916 194 966 seu
223 892 327 966 idola
354 891 445 966 fiant
482 917 557 966 non
595 893 719 966 minus
755 918 869 991 quam
898 893 1131 992 Demiurgus
1159 914 1198 968 et

129 1017 408 1093 Cosmocrator.
466 1016 555 1111 Quo
583 1015 656 1090 iam
685 1015 952 1115 gnosticismus
980 1018 1018 1090 in
1037 1044 1198 1092 vacuum

127 1167 171 1213 ac
189 1140 427 1216 fastidiosum
447 1139 773 1239 mythologismum
793 1139 921 1215 incidit
943 1168 988 1215 ac
1007 1141 1199 1216 acerrimis

128 1265 282 1339 Patrum
310 1263 618 1338 insectationibus
649 1265 729 1361 [cfr.
757 1265 802 1338 lr.
832 1267 889 1343 A.
917 1266 973 1338 H.
996 1266 1022 1351 l,
1047 1290 1086 1338 11
1112 1266 1194 1366 fin]

127 1390 243 1462 veluti
273 1387 460 1487 duplicem
488 1413 619 1462 ansam
648 1392 816 1486 praebet·
873 1390 1048 1465 Accessit
1068 1392 1126 1464 his
1146 1393 1163 1463 f
1187 1435 1198 1448 ·

126 1515 201 1588 tilis
228 1513 363 1587 divisio
402 1513 541 1588 Christi
577 1513 805 1611 pneumatici
845 1531 884 1588 et
919 1514 1087 1613 psychici
1118 1517 1195 1613 (ap.

128 1636 306 1735 Hippol.)
340 1654 378 1710 et
410 1635 530 1710 inanis
563 1637 823 1736 chrestologon
866 1664 935 1712 nec
968 1637 1069 1722 satis,
1109 1640 1198 1736 quin

124 1763 241 1836 etiam
258 1761 295 1836 in
307 1761 506 1858 Excerptis
522 1761 711 1835 Theodoti
727 1764 896 1838 tradatur
909 1763 1199 1840 absurdissimus

111 1887 347 1980 fatalz'smus
382 1885 635 1982 astrologz'cus,
674 1887 837 1983 pessima
874 1912 918 1961 ac
951 1886 1200 1984 vituperanda

125 2010 343 2108 deturpatio
380 2009 629 2083 hebdomadis
665 2011 888 2110 angelorum
924 2037 947 2085 a
983 2011 1199 2111 Demiurgo

124 2135 322 2220 conditae;
353 2160 398 2208 ac
426 2136 577 2207 demum
597 2133 635 2208 in
663 2136 782 2208 Marci
803 2135 983 2209 doctrinis
1012 2134 1132 2210 inanis
1161 2153 1199 2210 et

123 2261 300 2334 abstrusa
329 2261 479 2358 farrago
498 2259 987 2356 alphabeto-theosophus,
1010 2261 1197 2334 nefandae

126 2385 256 2459 iuncta
274 2383 604 2458 Sacramentorum
620 2400 831 2458 nostrorum
852 2384 1115 2483 deturpationi,
1136 2386 1198 2458 de·

122 2510 393 2606 prehendatur,
433 2509 568 2605 quibus
606 2509 780 2583 omnibus
821 2535 1000 2583 coronam
1039 2509 1199 2609 imponit

122 2633 319 2731 corruptio
337 2632 516 2706 effrenata
537 2659 684 2707 morum
713 2660 826 2731 quam
846 2636 987 2708 Noster
1015 2659 1090 2708 non
1118 2636 1197 2709 sine

121 2759 323 2833 stomacho
338 2759 519 2857 depingit.
566 2759 620 2830 At
635 2783 726 2832 sane
741 2760 836 2833 haec
851 2759 976 2832 omnia
993 2804 1012 2816 -
1030 2775 1070 2831 ut
1085 2760 1199 2833 habet

123 2883 307 2959 Clemens
328 2928 348 2941 -
377 2908 648 2982 «nequaquam
678 2884 953 2958 concessissent
990 2882 1052 2980 qui
1083 2885 1198 2957 duces

129 3027 202 3082 <et
232 3025 361 3106 patres
389 3007 658 3080 sententiarum
688 3008 843 3082 luere».

225 3218 269 3303 C)
294 3214 351 3282 Ad
381 3215 609 3282 historiam
644 3215 843 3282 catholici
881 3215 1108 3303 dogmatis.

206 3383 253 3454 lr.
295 3407 343 3454 ex
385 3379 568 3453 catholica
604 3379 826 3476 antiquitate
864 3380 1006 3477 primus
1043 3398 1101 3454 est
1135 3381 1198 3478 qui

122 3507 253 3606 operis
280 3530 369 3578 vere
398 3503 600 3602 theologici
629 3521 760 3579 auctor
788 3505 909 3578 fuerit.
967 3505 1085 3603 Igitur
1104 3504 1199 3577 illius

120 3629 382 3706 testimonium
405 3629 532 3726 magni
553 3655 705 3726 quoque
724 3629 981 3726 praeceptoris
1004 3629 1199 3702 doctrinae

121 3771 360 3830 momentum
396 3753 557 3852 attingit,
589 3780 701 3851 quem
731 3753 873 3826 audivit
912 3754 1069 3826 fideliter
1105 3753 1199 3825 inse-

119 3904 247 3976 quens
260 3895 381 3951 aetas:
405 3903 473 3950 nec
493 3875 593 3950 enim
614 3877 844 3974 Hippolytus
864 3877 924 3950 vel
944 3875 1199 3950 Tertullianus

120 4029 238 4102 super
252 4001 354 4075 aliud
369 4001 653 4075 fundamentum
671 4027 783 4098 quam
799 4027 912 4099 super
927 4027 1022 4097 opus
1038 4001 1082 4072 lr.
1101 3998 1199 4073 aedi·

119 4127 236 4202 ficare
270 4125 524 4212 aestimarunt,
557 4124 703 4224 ipsique
739 4125 974 4200 alexandrini
1010 4125 1196 4209 doctores,
