<?xml version="1.0" encoding="UTF-8"?>
<!DOCTYPE html PUBLIC "-//W3C//DTD XHTML 1.0 Transitional//EN"
    "http://www.w3.org/TR/xhtml1/DTD/xhtml1-transitional.dtd">
<html xmlns="http://www.w3.org/1999/xhtml" xml:lang="en" lang="en">
 <head>
  <title>
</title>
<meta http-equiv="Content-Type" content="text/html;charset=utf-8" />
  <meta name='ocr-system' content='tesseract 3.04.00' />
  <meta name='ocr-capabilities' content='ocr_page ocr_carea ocr_par ocr_line ocrx_word'/>
</head>
<body>
  <div class='ocr_page' id='page_1' title='image "./adversushaerese00irengoog_0252.png"; bbox 0 0 3288 5060; ppageno 0'>
   <div class='ocr_carea' id='block_1_1' title="bbox 197 518 1271 2308">
    <p class='ocr_par' dir='ltr' id='par_1_1' title="bbox 197 518 1271 2308">
     <span class='ocr_line' id='line_1_1' title="bbox 197 518 1264 603; baseline -0.006 -19"><span class='ocrx_word' id='word_1_1' title='bbox 197 530 386 603; x_wconf 82' lang='lat' dir='ltr'>(xvt,1-2).]</span> <span class='ocrx_word' id='word_1_2' title='bbox 623 531 711 578; x_wconf 78' lang='lat' dir='ltr'>tinen</span> <span class='ocrx_word' id='word_1_3' title='bbox 735 531 849 580; x_wconf 68' lang='lat' dir='ltr'>paruus</span> <span class='ocrx_word' id='word_1_4' title='bbox 1197 518 1264 599; x_wconf 78' lang='lat'>‘247</span> 
     </span>
     <span class='ocr_line' id='line_1_2' title="bbox 197 723 1268 808; baseline 0 -16"><span class='ocrx_word' id='word_1_5' title='bbox 197 724 412 808; x_wconf 88' lang='lat' dir='ltr'>substiterunt,</span> <span class='ocrx_word' id='word_1_6' title='bbox 431 723 524 792; x_wconf 88' lang='lat' dir='ltr'>habet</span> <span class='ocrx_word' id='word_1_7' title='bbox 543 723 725 792; x_wconf 89' lang='lat' dir='ltr'>huiusmodi</span> <span class='ocrx_word' id='word_1_8' title='bbox 743 741 845 791; x_wconf 90' lang='lat' dir='ltr'>sectae</span> <span class='ocrx_word' id='word_1_9' title='bbox 864 725 1038 792; x_wconf 83' lang='lat' dir='ltr'>materiam.</span> <span class='ocrx_word' id='word_1_10' title='bbox 1050 725 1084 779; x_wconf 81' lang='lat'>(²)</span> <span class='ocrx_word' id='word_1_11' title='bbox 1124 725 1184 792; x_wconf 90' lang='lat' dir='ltr'>Hic</span> <span class='ocrx_word' id='word_1_12' title='bbox 1202 726 1268 792; x_wconf 91' lang='lat' dir='ltr'>He-</span> 
     </span>
     <span class='ocr_line' id='line_1_3' title="bbox 197 830 1269 922; baseline -0.001 -22"><span class='ocrx_word' id='word_1_13' title='bbox 197 833 303 900; x_wconf 81' lang='lat' dir='ltr'>lenam</span> <span class='ocrx_word' id='word_1_14' title='bbox 314 831 496 922; x_wconf 87' lang='lat' dir='ltr'>quamdam,</span> <span class='ocrx_word' id='word_1_15' title='bbox 511 855 607 921; x_wconf 86' lang='lat' dir='ltr'>quam</span> <span class='ocrx_word' id='word_1_16' title='bbox 622 833 688 921; x_wconf 89' lang='lat' dir='ltr'>ipse</span> <span class='ocrx_word' id='word_1_17' title='bbox 703 855 720 898; x_wconf 89' lang='lat' dir='ltr'>a</span> <span class='ocrx_word' id='word_1_18' title='bbox 736 831 830 918; x_wconf 89' lang='lat' dir='ltr'>Tyro</span> <span class='ocrx_word' id='word_1_19' title='bbox 846 831 972 899; x_wconf 89' lang='lat' dir='ltr'>civitate</span> <span class='ocrx_word' id='word_1_20' title='bbox 989 830 1163 898; x_wconf 89' lang='lat' dir='ltr'>Phoenices</span> <span class='ocrx_word' id='word_1_21' title='bbox 1175 853 1269 920; x_wconf 89' lang='lat' dir='ltr'>quae-</span> 
     </span>
     <span class='ocr_line' id='line_1_4' title="bbox 198 936 1269 1030; baseline -0.002 -24"><span class='ocrx_word' id='word_1_22' title='bbox 198 942 349 1007; x_wconf 84' lang='lat' dir='ltr'>stuariam</span> <span class='ocrx_word' id='word_1_23' title='bbox 364 963 462 1030; x_wconf 87' lang='lat' dir='ltr'>quum</span> <span class='ocrx_word' id='word_1_24' title='bbox 485 938 679 1020; x_wconf 83' lang='lat' dir='ltr'>redemisset,</span> <span class='ocrx_word' id='word_1_25' title='bbox 703 961 811 1006; x_wconf 89' lang='lat' dir='ltr'>secum</span> <span class='ocrx_word' id='word_1_26' title='bbox 835 936 1099 1021; x_wconf 89' lang='lat' dir='ltr'>circumducebat,</span> <span class='ocrx_word' id='word_1_27' title='bbox 1107 938 1141 993; x_wconf 78' lang='lat'>(²)</span> <span class='ocrx_word' id='word_1_28' title='bbox 1162 937 1269 1006; x_wconf 88' lang='lat' dir='ltr'>dicens</span> 
     </span>
     <span class='ocr_line' id='line_1_5' title="bbox 200 1045 1268 1134; baseline 0 -22"><span class='ocrx_word' id='word_1_29' title='bbox 200 1047 353 1114; x_wconf 85' lang='lat' dir='ltr'>haucesse</span> <span class='ocrx_word' id='word_1_30' title='bbox 361 1046 497 1134; x_wconf 86' lang='lat' dir='ltr'>primam</span> <span class='ocrx_word' id='word_1_31' title='bbox 506 1046 621 1112; x_wconf 90' lang='lat' dir='ltr'>mentis</span> <span class='ocrx_word' id='word_1_32' title='bbox 629 1047 695 1112; x_wconf 90' lang='lat' dir='ltr'>eius</span> <span class='ocrx_word' id='word_1_33' title='bbox 705 1045 957 1132; x_wconf 88' lang='lat' dir='ltr'>conceptionem,</span> <span class='ocrx_word' id='word_1_34' title='bbox 968 1060 1101 1112; x_wconf 88' lang='lat' dir='ltr'>matrem</span> <span class='ocrx_word' id='word_1_35' title='bbox 1111 1045 1268 1124; x_wconf 90' lang='lat' dir='ltr'>omnium,</span> 
     </span>
     <span class='ocr_line' id='line_1_6' title="bbox 199 1149 1269 1242; baseline -0.001 -22"><span class='ocrx_word' id='word_1_36' title='bbox 199 1175 373 1242; x_wconf 90' lang='lat' dir='ltr'>perquam</span> <span class='ocrx_word' id='word_1_37' title='bbox 405 1153 438 1220; x_wconf 92' lang='lat' dir='ltr'>in</span> <span class='ocrx_word' id='word_1_38' title='bbox 470 1151 559 1220; x_wconf 92' lang='lat' dir='ltr'>initio</span> <span class='ocrx_word' id='word_1_39' title='bbox 587 1168 694 1220; x_wconf 89' lang='lat' dir='ltr'>mente</span> <span class='ocrx_word' id='word_1_40' title='bbox 726 1152 869 1239; x_wconf 86' lang='lat' dir='ltr'>concepit</span> <span class='ocrx_word' id='word_1_41' title='bbox 892 1151 1021 1239; x_wconf 86' lang='lat' dir='ltr'>angelos</span> <span class='ocrx_word' id='word_1_42' title='bbox 1047 1149 1145 1218; x_wconf 86' lang='lat' dir='ltr'>facere</span> <span class='ocrx_word' id='word_1_43' title='bbox 1167 1166 1198 1217; x_wconf 90' lang='lat' dir='ltr'>et</span> <span class='ocrx_word' id='word_1_44' title='bbox 1220 1173 1269 1219; x_wconf 90' lang='lat' dir='ltr'>ar-</span> 
     </span>
     <span class='ocr_line' id='line_1_7' title="bbox 201 1256 1269 1347; baseline -0.002 -21"><span class='ocrx_word' id='word_1_45' title='bbox 201 1259 379 1347; x_wconf 88' lang='lat' dir='ltr'>changelos.</span> <span class='ocrx_word' id='word_1_46' title='bbox 424 1259 514 1326; x_wconf 86' lang='lat' dir='ltr'>Hanc</span> <span class='ocrx_word' id='word_1_47' title='bbox 533 1260 619 1326; x_wconf 87' lang='lat' dir='ltr'>eninr</span> <span class='ocrx_word' id='word_1_48' title='bbox 637 1259 793 1325; x_wconf 88' lang='lat' dir='ltr'>Ennoiam</span> <span class='ocrx_word' id='word_1_49' title='bbox 812 1256 1005 1324; x_wconf 86' lang='lat' dir='ltr'>exsilientem</span> <span class='ocrx_word' id='word_1_50' title='bbox 1024 1281 1062 1324; x_wconf 91' lang='lat' dir='ltr'>ex</span> <span class='ocrx_word' id='word_1_51' title='bbox 1081 1280 1130 1338; x_wconf 89' lang='lat' dir='ltr'>eo,</span> <span class='ocrx_word' id='word_1_52' title='bbox 1150 1280 1269 1346; x_wconf 84' lang='lat' dir='ltr'>cogno-</span> 
     </span>
     <span class='ocr_line' id='line_1_8' title="bbox 201 1362 1269 1456; baseline 0 -24"><span class='ocrx_word' id='word_1_53' title='bbox 201 1383 342 1432; x_wconf 89' lang='lat' dir='ltr'>scentem</span> <span class='ocrx_word' id='word_1_54' title='bbox 364 1389 443 1456; x_wconf 87' lang='lat' dir='ltr'>quae</span> <span class='ocrx_word' id='word_1_55' title='bbox 466 1366 534 1432; x_wconf 88' lang='lat' dir='ltr'>vult</span> <span class='ocrx_word' id='word_1_56' title='bbox 557 1382 642 1454; x_wconf 90' lang='lat' dir='ltr'>pater</span> <span class='ocrx_word' id='word_1_57' title='bbox 666 1365 742 1446; x_wconf 90' lang='lat' dir='ltr'>eius,</span> <span class='ocrx_word' id='word_1_58' title='bbox 767 1364 893 1453; x_wconf 80' lang='lat' dir='ltr'>degredi</span> <span class='ocrx_word' id='word_1_59' title='bbox 917 1362 955 1431; x_wconf 90' lang='lat' dir='ltr'>ad</span> <span class='ocrx_word' id='word_1_60' title='bbox 979 1363 1136 1446; x_wconf 88' lang='lat' dir='ltr'>inferiora,</span> <span class='ocrx_word' id='word_1_61' title='bbox 1161 1381 1193 1432; x_wconf 90' lang='lat' dir='ltr'>et</span> <span class='ocrx_word' id='word_1_62' title='bbox 1214 1389 1269 1454; x_wconf 86' lang='lat' dir='ltr'>ge-</span> 
     </span>
     <span class='ocr_line' id='line_1_9' title="bbox 200 1469 1267 1562; baseline 0 -24"><span class='ocrx_word' id='word_1_63' title='bbox 200 1494 309 1539; x_wconf 88' lang='lat' dir='ltr'>nerare</span> <span class='ocrx_word' id='word_1_64' title='bbox 342 1473 470 1562; x_wconf 86' lang='lat' dir='ltr'>angelos</span> <span class='ocrx_word' id='word_1_65' title='bbox 498 1491 528 1540; x_wconf 92' lang='lat' dir='ltr'>et</span> <span class='ocrx_word' id='word_1_66' title='bbox 556 1488 734 1562; x_wconf 77' lang='lat' dir='ltr'>potestateS,</span> <span class='ocrx_word' id='word_1_67' title='bbox 757 1493 775 1538; x_wconf 86' lang='lat' dir='ltr'>a</span> <span class='ocrx_word' id='word_1_68' title='bbox 803 1469 916 1560; x_wconf 90' lang='lat' dir='ltr'>quibus</span> <span class='ocrx_word' id='word_1_69' title='bbox 939 1488 970 1538; x_wconf 88' lang='lat' dir='ltr'>et</span> <span class='ocrx_word' id='word_1_70' title='bbox 1001 1470 1156 1539; x_wconf 90' lang='lat' dir='ltr'>mundum</span> <span class='ocrx_word' id='word_1_71' title='bbox 1184 1471 1267 1538; x_wconf 88' lang='lat' dir='ltr'>hunc</span> 
     </span>
     <span class='ocr_line' id='line_1_10' title="bbox 202 1578 1270 1667; baseline 0 -21"><span class='ocrx_word' id='word_1_72' title='bbox 202 1579 316 1646; x_wconf 84' lang='lat' dir='ltr'>lactum</span> <span class='ocrx_word' id='word_1_73' title='bbox 340 1579 428 1646; x_wconf 86' lang='lat' dir='ltr'>dixit.</span> <span class='ocrx_word' id='word_1_74' title='bbox 440 1580 473 1632; x_wconf 82' lang='lat'>(³)</span> <span class='ocrx_word' id='word_1_75' title='bbox 518 1579 726 1667; x_wconf 88' lang='lat' dir='ltr'>Posteaquam</span> <span class='ocrx_word' id='word_1_76' title='bbox 743 1594 847 1644; x_wconf 90' lang='lat' dir='ltr'>autem</span> <span class='ocrx_word' id='word_1_77' title='bbox 860 1579 1020 1666; x_wconf 84' lang='lat' dir='ltr'>generavit</span> <span class='ocrx_word' id='word_1_78' title='bbox 1034 1601 1101 1661; x_wconf 78' lang='lat' dir='ltr'>eoS,</span> <span class='ocrx_word' id='word_1_79' title='bbox 1117 1578 1192 1645; x_wconf 84' lang='lat' dir='ltr'>haec</span> <span class='ocrx_word' id='word_1_80' title='bbox 1216 1578 1270 1646; x_wconf 88' lang='lat' dir='ltr'>de-</span> 
     </span>
     <span class='ocr_line' id='line_1_11' title="bbox 202 1681 1270 1774; baseline 0 -24"><span class='ocrx_word' id='word_1_81' title='bbox 202 1702 284 1752; x_wconf 86' lang='lat' dir='ltr'>tenta</span> <span class='ocrx_word' id='word_1_82' title='bbox 307 1702 355 1752; x_wconf 90' lang='lat' dir='ltr'>est</span> <span class='ocrx_word' id='word_1_83' title='bbox 378 1681 416 1752; x_wconf 89' lang='lat' dir='ltr'>ab</span> <span class='ocrx_word' id='word_1_84' title='bbox 448 1686 522 1774; x_wconf 91' lang='lat' dir='ltr'>ipsis</span> <span class='ocrx_word' id='word_1_85' title='bbox 551 1702 676 1774; x_wconf 89' lang='lat' dir='ltr'>propter</span> <span class='ocrx_word' id='word_1_86' title='bbox 697 1683 860 1763; x_wconf 89' lang='lat' dir='ltr'>invidiam,</span> <span class='ocrx_word' id='word_1_87' title='bbox 884 1686 1035 1772; x_wconf 90' lang='lat' dir='ltr'>quoniam</span> <span class='ocrx_word' id='word_1_88' title='bbox 1059 1683 1180 1752; x_wconf 91' lang='lat' dir='ltr'>nollent</span> <span class='ocrx_word' id='word_1_89' title='bbox 1197 1707 1270 1773; x_wconf 91' lang='lat' dir='ltr'>pro-</span> 
     </span>
     <span class='ocr_line' id='line_1_12' title="bbox 202 1789 1270 1880; baseline 0 -24"><span class='ocrx_word' id='word_1_90' title='bbox 202 1793 308 1880; x_wconf 90' lang='lat' dir='ltr'>genies</span> <span class='ocrx_word' id='word_1_91' title='bbox 328 1791 455 1858; x_wconf 86' lang='lat' dir='ltr'>alterius</span> <span class='ocrx_word' id='word_1_92' title='bbox 474 1789 636 1858; x_wconf 88' lang='lat' dir='ltr'>cuiusdam</span> <span class='ocrx_word' id='word_1_93' title='bbox 655 1790 755 1880; x_wconf 86' lang='lat' dir='ltr'>putari</span> <span class='ocrx_word' id='word_1_94' title='bbox 774 1813 852 1857; x_wconf 90' lang='lat' dir='ltr'>esse.</span> <span class='ocrx_word' id='word_1_95' title='bbox 862 1790 895 1843; x_wconf 79' lang='lat'>(⁴)</span> <span class='ocrx_word' id='word_1_96' title='bbox 940 1791 1048 1878; x_wconf 90' lang='lat' dir='ltr'>Ipsum</span> <span class='ocrx_word' id='word_1_97' title='bbox 1072 1792 1157 1858; x_wconf 90' lang='lat' dir='ltr'>enim</span> <span class='ocrx_word' id='word_1_98' title='bbox 1181 1814 1215 1858; x_wconf 90' lang='lat' dir='ltr'>se</span> <span class='ocrx_word' id='word_1_99' title='bbox 1237 1791 1270 1856; x_wconf 92' lang='lat' dir='ltr'>in</span> 
     </span>
     <span class='ocr_line' id='line_1_13' title="bbox 202 1895 1269 1986; baseline 0.002 -24"><span class='ocrx_word' id='word_1_100' title='bbox 202 1914 303 1964; x_wconf 90' lang='lat' dir='ltr'>totum</span> <span class='ocrx_word' id='word_1_101' title='bbox 327 1899 508 1986; x_wconf 88' lang='lat' dir='ltr'>ignoratum</span> <span class='ocrx_word' id='word_1_102' title='bbox 531 1895 570 1964; x_wconf 88' lang='lat' dir='ltr'>ab</span> <span class='ocrx_word' id='word_1_103' title='bbox 594 1897 686 1985; x_wconf 92' lang='lat' dir='ltr'>ipsis:</span> <span class='ocrx_word' id='word_1_104' title='bbox 712 1896 855 1964; x_wconf 85' lang='lat' dir='ltr'>Enttoian</span> <span class='ocrx_word' id='word_1_105' title='bbox 883 1913 989 1963; x_wconf 90' lang='lat' dir='ltr'>autem</span> <span class='ocrx_word' id='word_1_106' title='bbox 1016 1898 1082 1964; x_wconf 91' lang='lat' dir='ltr'>eius</span> <span class='ocrx_word' id='word_1_107' title='bbox 1112 1897 1269 1965; x_wconf 88' lang='lat' dir='ltr'>detentam</span> 
     </span>
     <span class='ocr_line' id='line_1_14' title="bbox 201 2001 1271 2093; baseline 0 -23"><span class='ocrx_word' id='word_1_108' title='bbox 201 2001 238 2070; x_wconf 94' lang='lat' dir='ltr'>ab</span> <span class='ocrx_word' id='word_1_109' title='bbox 258 2004 317 2081; x_wconf 91' lang='lat' dir='ltr'>his,</span> <span class='ocrx_word' id='word_1_110' title='bbox 336 2027 415 2091; x_wconf 88' lang='lat' dir='ltr'>quae</span> <span class='ocrx_word' id='word_1_111' title='bbox 438 2001 476 2071; x_wconf 87' lang='lat' dir='ltr'>ab</span> <span class='ocrx_word' id='word_1_112' title='bbox 500 2027 535 2070; x_wconf 89' lang='lat' dir='ltr'>ea</span> <span class='ocrx_word' id='word_1_113' title='bbox 558 2005 692 2071; x_wconf 89' lang='lat' dir='ltr'>emissae</span> <span class='ocrx_word' id='word_1_114' title='bbox 715 2020 817 2070; x_wconf 87' lang='lat' dir='ltr'>essent</span> <span class='ocrx_word' id='word_1_115' title='bbox 846 2018 1023 2091; x_wconf 88' lang='lat' dir='ltr'>potestates,</span> <span class='ocrx_word' id='word_1_116' title='bbox 1047 2021 1078 2070; x_wconf 92' lang='lat' dir='ltr'>et</span> <span class='ocrx_word' id='word_1_117' title='bbox 1100 2005 1216 2093; x_wconf 86' lang='lat' dir='ltr'>angeli3</span> <span class='ocrx_word' id='word_1_118' title='bbox 1239 2020 1271 2070; x_wconf 90' lang='lat' dir='ltr'>et</span> 
     </span>
     <span class='ocr_line' id='line_1_15' title="bbox 201 2109 1270 2198; baseline -0.002 -20"><span class='ocrx_word' id='word_1_119' title='bbox 201 2135 333 2179; x_wconf 89' lang='lat' dir='ltr'>omnem</span> <span class='ocrx_word' id='word_1_120' title='bbox 364 2111 591 2179; x_wconf 90' lang='lat' dir='ltr'>contumeliam</span> <span class='ocrx_word' id='word_1_121' title='bbox 626 2109 735 2178; x_wconf 84' lang='lat' dir='ltr'>abhis</span> <span class='ocrx_word' id='word_1_122' title='bbox 767 2133 902 2198; x_wconf 88' lang='lat' dir='ltr'>passam,</span> <span class='ocrx_word' id='word_1_123' title='bbox 937 2111 981 2176; x_wconf 92' lang='lat' dir='ltr'>uti</span> <span class='ocrx_word' id='word_1_124' title='bbox 1004 2134 1070 2178; x_wconf 92' lang='lat' dir='ltr'>non</span> <span class='ocrx_word' id='word_1_125' title='bbox 1099 2128 1270 2178; x_wconf 84' lang='lat' dir='ltr'>recurreret</span> 
     </span>
     <span class='ocr_line' id='line_1_16' title="bbox 202 2216 1271 2308; baseline -0.003 -22"><span class='ocrx_word' id='word_1_126' title='bbox 202 2242 328 2286; x_wconf 92' lang='lat' dir='ltr'>sursum</span> <span class='ocrx_word' id='word_1_127' title='bbox 352 2218 389 2287; x_wconf 88' lang='lat' dir='ltr'>ad</span> <span class='ocrx_word' id='word_1_128' title='bbox 414 2243 508 2286; x_wconf 90' lang='lat' dir='ltr'>suum</span> <span class='ocrx_word' id='word_1_129' title='bbox 527 2235 658 2308; x_wconf 82' lang='lat' dir='ltr'>patrem,</span> <span class='ocrx_word' id='word_1_130' title='bbox 682 2217 874 2306; x_wconf 89' lang='lat' dir='ltr'>usqueadeo</span> <span class='ocrx_word' id='word_1_131' title='bbox 893 2233 927 2284; x_wconf 91' lang='lat' dir='ltr'>ut</span> <span class='ocrx_word' id='word_1_132' title='bbox 950 2236 981 2285; x_wconf 89' lang='lat' dir='ltr'>et</span> <span class='ocrx_word' id='word_1_133' title='bbox 1005 2219 1188 2305; x_wconf 89' lang='lat' dir='ltr'>incorpore</span> <span class='ocrx_word' id='word_1_134' title='bbox 1212 2216 1271 2285; x_wconf 92' lang='lat' dir='ltr'>hu-</span> 
     </span>
    </p>
   </div>
   <div class='ocr_carea' id='block_1_2' title="bbox 203 2323 1270 2413">
    <p class='ocr_par' dir='ltr' id='par_1_2' title="bbox 203 2323 1270 2413">
     <span class='ocr_line' id='line_1_17' title="bbox 203 2323 1270 2413; baseline -0.002 -21"><span class='ocrx_word' id='word_1_135' title='bbox 203 2349 297 2394; x_wconf 89' lang='lat' dir='ltr'>mano</span> <span class='ocrx_word' id='word_1_136' title='bbox 329 2326 550 2406; x_wconf 88' lang='lat' dir='ltr'>includeretur,</span> <span class='ocrx_word' id='word_1_137' title='bbox 575 2343 604 2392; x_wconf 91' lang='lat' dir='ltr'>et</span> <span class='ocrx_word' id='word_1_138' title='bbox 632 2347 686 2413; x_wconf 91' lang='lat' dir='ltr'>per</span> <span class='ocrx_word' id='word_1_139' title='bbox 718 2325 840 2390; x_wconf 88' lang='lat' dir='ltr'>saecula</span> <span class='ocrx_word' id='word_1_140' title='bbox 867 2324 963 2390; x_wconf 90' lang='lat' dir='ltr'>veluti</span> <span class='ocrx_word' id='word_1_141' title='bbox 987 2323 1025 2392; x_wconf 90' lang='lat' dir='ltr'>de</span> <span class='ocrx_word' id='word_1_142' title='bbox 1048 2347 1121 2391; x_wconf 84' lang='lat' dir='ltr'>vase</span> <span class='ocrx_word' id='word_1_143' title='bbox 1155 2326 1187 2391; x_wconf 91' lang='lat' dir='ltr'>in</span> <span class='ocrx_word' id='word_1_144' title='bbox 1215 2347 1270 2391; x_wconf 88' lang='lat' dir='ltr'>vas</span> 
     </span>
    </p>
   </div>
   <div class='ocr_carea' id='block_1_3' title="bbox 201 2487 1271 2816">
    <p class='ocr_par' dir='ltr' id='par_1_3' title="bbox 201 2487 1271 2816">
     <span class='ocr_line' id='line_1_18' title="bbox 238 2487 1271 2563; baseline 0.002 -19"><span class='ocrx_word' id='word_1_145' title='bbox 238 2489 420 2562; x_wconf 78' lang='lat' dir='ltr'>(t)liepetitio</span> <span class='ocrx_word' id='word_1_146' title='bbox 427 2490 513 2544; x_wconf 88' lang='lat' dir='ltr'>innuit</span> <span class='ocrx_word' id='word_1_147' title='bbox 523 2488 566 2543; x_wconf 91' lang='lat' dir='ltr'>hic</span> <span class='ocrx_word' id='word_1_148' title='bbox 576 2489 608 2543; x_wconf 93' lang='lat' dir='ltr'>Ir.</span> <span class='ocrx_word' id='word_1_149' title='bbox 619 2505 711 2544; x_wconf 85' lang='lat' dir='ltr'>recens</span> <span class='ocrx_word' id='word_1_150' title='bbox 764 2487 903 2544; x_wconf 89' lang='lat' dir='ltr'>Cleobium</span> <span class='ocrx_word' id='word_1_151' title='bbox 917 2503 942 2543; x_wconf 91' lang='lat' dir='ltr'>et</span> <span class='ocrx_word' id='word_1_152' title='bbox 956 2491 1113 2545; x_wconf 89' lang='lat' dir='ltr'>Dositheum</span> <span class='ocrx_word' id='word_1_153' title='bbox 1129 2491 1271 2563; x_wconf 83' lang='lat' dir='ltr'>discipulos</span> 
     </span>
     <span class='ocr_line' id='line_1_19' title="bbox 201 2573 969 2646; baseline -0.001 -18"><span class='ocrx_word' id='word_1_154' title='bbox 201 2576 304 2645; x_wconf 87' lang='lat' dir='ltr'>scriptis</span> <span class='ocrx_word' id='word_1_155' title='bbox 324 2574 491 2629; x_wconf 88' lang='lat' dir='ltr'>iamdudum</span> <span class='ocrx_word' id='word_1_156' title='bbox 510 2587 600 2646; x_wconf 86' lang='lat' dir='ltr'>parata</span> <span class='ocrx_word' id='word_1_157' title='bbox 617 2575 710 2627; x_wconf 88' lang='lat' dir='ltr'>subne·</span> <span class='ocrx_word' id='word_1_158' title='bbox 764 2573 881 2627; x_wconf 88' lang='lat' dir='ltr'>Simonis</span> <span class='ocrx_word' id='word_1_159' title='bbox 900 2573 969 2627; x_wconf 85' lang='lat' dir='ltr'>lacit.</span> 
     </span>
     <span class='ocr_line' id='line_1_20' title="bbox 201 2656 1270 2731; baseline 0 -17"><span class='ocrx_word' id='word_1_160' title='bbox 201 2673 286 2714; x_wconf 88' lang='lat' dir='ltr'>ctere:</span> <span class='ocrx_word' id='word_1_161' title='bbox 306 2672 332 2713; x_wconf 89' lang='lat' dir='ltr'>et</span> <span class='ocrx_word' id='word_1_162' title='bbox 346 2677 438 2731; x_wconf 87' lang='lat' dir='ltr'>reapse</span> <span class='ocrx_word' id='word_1_163' title='bbox 455 2661 521 2714; x_wconf 86' lang='lat' dir='ltr'>haec</span> <span class='ocrx_word' id='word_1_164' title='bbox 539 2660 663 2713; x_wconf 89' lang='lat' dir='ltr'>videntur</span> <span class='ocrx_word' id='word_1_165' title='bbox 678 2677 710 2712; x_wconf 91' lang='lat' dir='ltr'>ex</span> <span class='ocrx_word' id='word_1_166' title='bbox 801 2656 842 2728; x_wconf 89' lang='lat'>(2)</span> <span class='ocrx_word' id='word_1_167' title='bbox 860 2657 934 2711; x_wconf 71' lang='lat' dir='ltr'>Hier.</span> <span class='ocrx_word' id='word_1_168' title='bbox 963 2659 1047 2712; x_wconf 89' lang='lat' dir='ltr'>immo</span> <span class='ocrx_word' id='word_1_169' title='bbox 1075 2659 1146 2712; x_wconf 86' lang='lat' dir='ltr'>addit</span> <span class='ocrx_word' id='word_1_170' title='bbox 1175 2660 1270 2715; x_wconf 83' lang='lat' dir='ltr'>exinde</span> 
     </span>
     <span class='ocr_line' id='line_1_21' title="bbox 202 2742 1271 2816; baseline 0 -18"><span class='ocrx_word' id='word_1_171' title='bbox 202 2745 297 2798; x_wconf 88' lang='lat' dir='ltr'>eodem</span> <span class='ocrx_word' id='word_1_172' title='bbox 321 2744 498 2816; x_wconf 80' lang='lat' dir='ltr'>«Catalogou</span> <span class='ocrx_word' id='word_1_173' title='bbox 521 2761 578 2798; x_wconf 88' lang='lat' dir='ltr'>esse</span> <span class='ocrx_word' id='word_1_174' title='bbox 602 2762 634 2798; x_wconf 92' lang='lat' dir='ltr'>ex</span> <span class='ocrx_word' id='word_1_175' title='bbox 658 2761 711 2814; x_wconf 92' lang='lat' dir='ltr'>quo</span> <span class='ocrx_word' id='word_1_176' title='bbox 765 2742 894 2812; x_wconf 89' lang='lat' dir='ltr'>pudorem</span> <span class='ocrx_word' id='word_1_177' title='bbox 904 2743 1026 2797; x_wconf 91' lang='lat' dir='ltr'>habuisse</span> <span class='ocrx_word' id='word_1_178' title='bbox 1036 2743 1233 2814; x_wconf 87' lang='lat' dir='ltr'>discipulos,cui</span> <span class='ocrx_word' id='word_1_179' title='bbox 1243 2757 1271 2798; x_wconf 89' lang='lat' dir='ltr'>ut</span> 
     </span>
    </p>
   </div>
   <div class='ocr_carea' id='block_1_4' title="bbox 202 2827 714 4328">
    <p class='ocr_par' dir='ltr' id='par_1_4' title="bbox 202 2827 714 4328">
     <span class='ocr_line' id='line_1_22' title="bbox 202 2827 711 2900; baseline 0 -19"><span class='ocrx_word' id='word_1_180' title='bbox 202 2843 263 2882; x_wconf 90' lang='lat' dir='ltr'>sunt</span> <span class='ocrx_word' id='word_1_181' title='bbox 273 2845 295 2881; x_wconf 92' lang='lat' dir='ltr'>c.</span> <span class='ocrx_word' id='word_1_182' title='bbox 307 2828 353 2893; x_wconf 94' lang='lat' dir='ltr'>XI,</span> <span class='ocrx_word' id='word_1_183' title='bbox 363 2829 422 2882; x_wconf 90' lang='lat' dir='ltr'>XII.</span> <span class='ocrx_word' id='word_1_184' title='bbox 450 2827 591 2900; x_wconf 85' lang='lat' dir='ltr'>Sequentia</span> <span class='ocrx_word' id='word_1_185' title='bbox 602 2829 638 2883; x_wconf 88' lang='lat' dir='ltr'>sic</span> <span class='ocrx_word' id='word_1_186' title='bbox 648 2845 711 2881; x_wconf 88' lang='lat' dir='ltr'>con-</span> 
     </span>
     <span class='ocr_line' id='line_1_23' title="bbox 202 2913 712 2982; baseline -0.002 -16"><span class='ocrx_word' id='word_1_187' title='bbox 202 2914 283 2966; x_wconf 89' lang='lat' dir='ltr'>trahit</span> <span class='ocrx_word' id='word_1_188' title='bbox 300 2913 447 2968; x_wconf 73' lang='lat' dir='ltr'>Trtnooox.</span> <span class='ocrx_word' id='word_1_189' title='bbox 463 2915 493 2980; x_wconf 92' lang='lat' dir='ltr'>(l.</span> <span class='ocrx_word' id='word_1_190' title='bbox 510 2931 532 2967; x_wconf 88' lang='lat' dir='ltr'>c.</span> <span class='ocrx_word' id='word_1_191' title='bbox 545 2913 565 2978; x_wconf 93' lang='lat' dir='ltr'>l,</span> <span class='ocrx_word' id='word_1_192' title='bbox 582 2913 621 2982; x_wconf 82' lang='lat'>5):</span> <span class='ocrx_word' id='word_1_193' title='bbox 635 2915 712 2966; x_wconf 78' lang='lat' dir='ltr'>‘utt-</span> 
     </span>
     <span class='ocr_line' id='line_1_24' title="bbox 202 3001 711 3070; baseline 0 -20"><span class='ocrx_word' id='word_1_194' title='bbox 202 3015 250 3066; x_wconf 87' lang='grc' dir='ltr'>νην</span> <span class='ocrx_word' id='word_1_195' title='bbox 268 3004 317 3067; x_wconf 81' lang='grc' dir='ltr'>τὴν</span> <span class='ocrx_word' id='word_1_196' title='bbox 334 3002 441 3070; x_wconf 77' lang='grc' dir='ltr'>πρώτην</span> <span class='ocrx_word' id='word_1_197' title='bbox 456 3001 537 3052; x_wconf 77' lang='grc' dir='ltr'><strong>αὑτοῦ</strong></span> <span class='ocrx_word' id='word_1_198' title='bbox 551 3001 597 3051; x_wconf 80' lang='grc' dir='ltr'>τοῦ</span> <span class='ocrx_word' id='word_1_199' title='bbox 612 3005 658 3052; x_wconf 79' lang='grc' dir='ltr'>νοῦ</span> <span class='ocrx_word' id='word_1_200' title='bbox 670 3001 711 3051; x_wconf 76' lang='grc' dir='ltr'>ἰν-</span> 
     </span>
     <span class='ocr_line' id='line_1_25' title="bbox 203 3086 711 3150; baseline 0.002 -16"><span class='ocrx_word' id='word_1_201' title='bbox 203 3099 275 3135; x_wconf 82' lang='grc' dir='ltr'><strong>νοιοιν</strong></span> <span class='ocrx_word' id='word_1_202' title='bbox 285 3087 404 3150; x_wconf 75' lang='grc' dir='ltr'><strong>ἔφασκον</strong></span> <span class='ocrx_word' id='word_1_203' title='bbox 414 3087 542 3148; x_wconf 56' lang='lat' dir='ltr'>tintinant</span> <span class='ocrx_word' id='word_1_204' title='bbox 552 3086 711 3150; x_wconf 71' lang='grc' dir='ltr'><strong>μητέροτῶυ</strong></span> 
     </span>
     <span class='ocr_line' id='line_1_26' title="bbox 204 3166 711 3232; baseline 0.002 -15"><span class='ocrx_word' id='word_1_205' title='bbox 204 3167 274 3218; x_wconf 80' lang='grc' dir='ltr'><strong>ὅλων</strong></span> <span class='ocrx_word' id='word_1_206' title='bbox 294 3168 424 3232; x_wconf 71' lang='grc' dir='ltr'>ὠνόμαζε,</span> <span class='ocrx_word' id='word_1_207' title='bbox 446 3171 492 3220; x_wconf 75' lang='lat' dir='ltr'>atel</span> <span class='ocrx_word' id='word_1_208' title='bbox 517 3166 550 3218; x_wconf 79' lang='grc' dir='ltr'>δι’</span> <span class='ocrx_word' id='word_1_209' title='bbox 564 3169 647 3232; x_wconf 75' lang='grc' dir='ltr'><strong>αὐτῆς</strong></span> <span class='ocrx_word' id='word_1_210' title='bbox 664 3170 711 3219; x_wconf 70' lang='grc' dir='ltr'>καὶ</span> 
     </span>
     <span class='ocr_line' id='line_1_27' title="bbox 203 3252 712 3318; baseline 0.002 -17"><span class='ocrx_word' id='word_1_211' title='bbox 203 3252 264 3313; x_wconf 80' lang='grc' dir='ltr'><strong>τοὺς</strong></span> <span class='ocrx_word' id='word_1_212' title='bbox 278 3253 410 3318; x_wconf 67' lang='grc' dir='ltr'><strong>ἀγγέλους</strong></span> <span class='ocrx_word' id='word_1_213' title='bbox 422 3256 469 3305; x_wconf 72' lang='grc' dir='ltr'>καὶ</span> <span class='ocrx_word' id='word_1_214' title='bbox 486 3255 563 3315; x_wconf 82' lang='grc' dir='ltr'><strong>τοὺς</strong></span> <span class='ocrx_word' id='word_1_215' title='bbox 578 3253 712 3318; x_wconf 71' lang='grc' dir='ltr'><strong>ἀρχογγέ·</strong></span> 
     </span>
     <span class='ocr_line' id='line_1_28' title="bbox 203 3335 711 3406; baseline 0.006 -21"><span class='ocrx_word' id='word_1_216' title='bbox 203 3336 267 3398; x_wconf 84' lang='grc' dir='ltr'><strong>λους</strong></span> <span class='ocrx_word' id='word_1_217' title='bbox 285 3339 472 3402; x_wconf 76' lang='lat' dir='ltr'>nenottptduatt:</span> <span class='ocrx_word' id='word_1_218' title='bbox 492 3336 536 3390; x_wconf 91' lang='lat' dir='ltr'>ubi</span> <span class='ocrx_word' id='word_1_219' title='bbox 557 3347 620 3388; x_wconf 89' lang='lat' dir='ltr'>nota</span> <span class='ocrx_word' id='word_1_220' title='bbox 639 3335 711 3406; x_wconf 83' lang='lat' dir='ltr'>cogi·</span> 
     </span>
     <span class='ocr_line' id='line_1_29' title="bbox 204 3418 710 3486; baseline 0 -14"><span class='ocrx_word' id='word_1_221' title='bbox 204 3419 332 3472; x_wconf 82' lang='lat' dir='ltr'>tationem</span> <span class='ocrx_word' id='word_1_222' title='bbox 344 3418 451 3486; x_wconf 81' lang='lat' dir='ltr'>(ideam)</span> <span class='ocrx_word' id='word_1_223' title='bbox 464 3420 584 3473; x_wconf 85' lang='lat' dir='ltr'>divinam</span> <span class='ocrx_word' id='word_1_224' title='bbox 597 3431 710 3474; x_wconf 88' lang='lat' dir='ltr'>matrem</span> 
     </span>
     <span class='ocr_line' id='line_1_30' title="bbox 205 3501 712 3569; baseline 0.008 -15"><span class='ocrx_word' id='word_1_225' title='bbox 205 3501 324 3556; x_wconf 90' lang='lat' dir='ltr'>omnium</span> <span class='ocrx_word' id='word_1_226' title='bbox 344 3503 405 3569; x_wconf 91' lang='lat' dir='ltr'>dici,</span> <span class='ocrx_word' id='word_1_227' title='bbox 424 3516 452 3557; x_wconf 93' lang='lat' dir='ltr'>ut</span> <span class='ocrx_word' id='word_1_228' title='bbox 472 3505 499 3557; x_wconf 88' lang='lat' dir='ltr'>in</span> <span class='ocrx_word' id='word_1_229' title='bbox 523 3505 642 3558; x_wconf 86' lang='lat' dir='ltr'>Platonis</span> <span class='ocrx_word' id='word_1_230' title='bbox 665 3505 712 3558; x_wconf 92' lang='lat' dir='ltr'>do-</span> 
     </span>
     <span class='ocr_line' id='line_1_31' title="bbox 204 3587 712 3660; baseline 0.002 -20"><span class='ocrx_word' id='word_1_231' title='bbox 204 3587 297 3640; x_wconf 88' lang='lat' dir='ltr'>ctrina.</span> <span class='ocrx_word' id='word_1_232' title='bbox 334 3588 388 3642; x_wconf 88' lang='lat' dir='ltr'>Csr.</span> <span class='ocrx_word' id='word_1_233' title='bbox 409 3605 513 3660; x_wconf 88' lang='lat' dir='ltr'>quoque</span> <span class='ocrx_word' id='word_1_234' title='bbox 535 3589 666 3660; x_wconf 87' lang='lat' dir='ltr'>originem</span> <span class='ocrx_word' id='word_1_235' title='bbox 686 3601 712 3643; x_wconf 92' lang='lat' dir='ltr'>et</span> 
     </span>
     <span class='ocr_line' id='line_1_32' title="bbox 204 3672 712 3744; baseline 0.006 -21"><span class='ocrx_word' id='word_1_236' title='bbox 204 3672 385 3740; x_wconf 84' lang='lat' dir='ltr'>operationem</span> <span class='ocrx_word' id='word_1_237' title='bbox 403 3673 523 3726; x_wconf 88' lang='lat' dir='ltr'>Astartes</span> <span class='ocrx_word' id='word_1_238' title='bbox 537 3673 563 3726; x_wconf 90' lang='lat' dir='ltr'>iu</span> <span class='ocrx_word' id='word_1_239' title='bbox 577 3673 712 3744; x_wconf 88' lang='lat' dir='ltr'>mytholo-</span> 
     </span>
     <span class='ocr_line' id='line_1_33' title="bbox 203 3756 712 3827; baseline 0.008 -21"><span class='ocrx_word' id='word_1_240' title='bbox 203 3756 247 3825; x_wconf 86' lang='lat' dir='ltr'>gia</span> <span class='ocrx_word' id='word_1_241' title='bbox 262 3756 349 3827; x_wconf 86' lang='lat' dir='ltr'>babyl.</span> <span class='ocrx_word' id='word_1_242' title='bbox 362 3757 405 3810; x_wconf 84' lang='lat' dir='ltr'>vel</span> <span class='ocrx_word' id='word_1_243' title='bbox 418 3758 499 3812; x_wconf 88' lang='lat' dir='ltr'>etiam</span> <span class='ocrx_word' id='word_1_244' title='bbox 512 3758 657 3822; x_wconf 88' lang='lat' dir='ltr'>Minervae,</span> <span class='ocrx_word' id='word_1_245' title='bbox 670 3775 712 3810; x_wconf 83' lang='lat' dir='ltr'>ex-</span> 
     </span>
     <span class='ocr_line' id='line_1_34' title="bbox 203 3839 712 3913; baseline 0.01 -23"><span class='ocrx_word' id='word_1_246' title='bbox 203 3839 307 3892; x_wconf 78' lang='lat' dir='ltr'>sitientis</span> <span class='ocrx_word' id='word_1_247' title='bbox 332 3857 365 3894; x_wconf 90' lang='lat' dir='ltr'>ex</span> <span class='ocrx_word' id='word_1_248' title='bbox 388 3841 462 3906; x_wconf 88' lang='lat' dir='ltr'>love,</span> <span class='ocrx_word' id='word_1_249' title='bbox 489 3855 517 3895; x_wconf 91' lang='lat' dir='ltr'>ut</span> <span class='ocrx_word' id='word_1_250' title='bbox 539 3843 624 3913; x_wconf 88' lang='lat' dir='ltr'>prima</span> <span class='ocrx_word' id='word_1_251' title='bbox 643 3842 712 3895; x_wconf 90' lang='lat' dir='ltr'>illins</span> 
     </span>
     <span class='ocr_line' id='line_1_35' title="bbox 204 3925 712 3998; baseline 0.012 -23"><span class='ocrx_word' id='word_1_252' title='bbox 204 3925 300 3978; x_wconf 90' lang='lat' dir='ltr'>mentis</span> <span class='ocrx_word' id='word_1_253' title='bbox 327 3926 475 3997; x_wconf 85' lang='lat' dir='ltr'>conceptio,</span> <span class='ocrx_word' id='word_1_254' title='bbox 501 3927 528 3980; x_wconf 90' lang='lat' dir='ltr'>in</span> <span class='ocrx_word' id='word_1_255' title='bbox 555 3943 658 3998; x_wconf 85' lang='lat' dir='ltr'>graeca.</span> <span class='ocrx_word' id='word_1_256' title='bbox 677 3958 712 3966; x_wconf 95' lang='lat'>—</span> 
     </span>
     <span class='ocr_line' id='line_1_36' title="bbox 203 4007 712 4080; baseline 0.008 -20"><span class='ocrx_word' id='word_1_257' title='bbox 203 4007 305 4061; x_wconf 84' lang='lat' dir='ltr'>Helena</span> <span class='ocrx_word' id='word_1_258' title='bbox 330 4021 419 4062; x_wconf 89' lang='lat' dir='ltr'>antem</span> <span class='ocrx_word' id='word_1_259' title='bbox 445 4010 561 4080; x_wconf 84' lang='lat' dir='ltr'>primum</span> <span class='ocrx_word' id='word_1_260' title='bbox 586 4027 646 4063; x_wconf 92' lang='lat' dir='ltr'>cum</span> <span class='ocrx_word' id='word_1_261' title='bbox 673 4010 712 4064; x_wconf 88' lang='lat' dir='ltr'>Si·</span> 
     </span>
     <span class='ocr_line' id='line_1_37' title="bbox 203 4092 713 4166; baseline 0.006 -22"><span class='ocrx_word' id='word_1_262' title='bbox 203 4092 713 4166; x_wconf 56' lang='lat' dir='ltr'>monealnsnsoiungiturtztplad),</span> 
     </span>
     <span class='ocr_line' id='line_1_38' title="bbox 203 4178 714 4250; baseline 0.008 -22"><span class='ocrx_word' id='word_1_263' title='bbox 203 4187 230 4229; x_wconf 90' lang='lat' dir='ltr'>at</span> <span class='ocrx_word' id='word_1_264' title='bbox 246 4192 300 4230; x_wconf 87' lang='lat' dir='ltr'>non</span> <span class='ocrx_word' id='word_1_265' title='bbox 315 4178 411 4232; x_wconf 88' lang='lat' dir='ltr'>eadem</span> <span class='ocrx_word' id='word_1_266' title='bbox 430 4179 533 4232; x_wconf 84' lang='lat' dir='ltr'>ratione</span> <span class='ocrx_word' id='word_1_267' title='bbox 549 4197 599 4250; x_wconf 90' lang='lat' dir='ltr'>qua</span> <span class='ocrx_word' id='word_1_268' title='bbox 615 4178 714 4234; x_wconf 88' lang='lat' dir='ltr'>Noster</span> 
     </span>
     <span class='ocr_line' id='line_1_39' title="bbox 202 4259 712 4328; baseline 0.006 -15"><span class='ocrx_word' id='word_1_269' title='bbox 202 4259 272 4313; x_wconf 85' lang='lat' dir='ltr'>lacit.</span> <span class='ocrx_word' id='word_1_270' title='bbox 310 4259 419 4314; x_wconf 86' lang='lat' dir='ltr'>Praeter</span> <span class='ocrx_word' id='word_1_271' title='bbox 440 4261 580 4328; x_wconf 84' lang='lat' dir='ltr'>Helenam,</span> <span class='ocrx_word' id='word_1_272' title='bbox 599 4261 712 4316; x_wconf 77' lang='lat' dir='ltr'>HtrPot.</span> 
     </span>
    </p>
   </div>
   <div class='ocr_carea' id='block_1_5' title="bbox 764 2826 1274 4337">
    <p class='ocr_par' dir='ltr' id='par_1_5' title="bbox 764 2826 1273 3408">
     <span class='ocr_line' id='line_1_40' title="bbox 765 2826 1272 2898; baseline 0.008 -20"><span class='ocrx_word' id='word_1_273' title='bbox 765 2826 916 2880; x_wconf 88' lang='lat' dir='ltr'>mederetur</span> <span class='ocrx_word' id='word_1_274' title='bbox 931 2827 1058 2898; x_wconf 87' lang='lat' dir='ltr'>magister</span> <span class='ocrx_word' id='word_1_275' title='bbox 1072 2826 1188 2882; x_wconf 85' lang='lat' dir='ltr'>fabulam</span> <span class='ocrx_word' id='word_1_276' title='bbox 1203 2829 1272 2882; x_wconf 88' lang='lat' dir='ltr'>hanc</span> 
     </span>
     <span class='ocr_line' id='line_1_41' title="bbox 765 2909 1272 2985; baseline 0.01 -22"><span class='ocrx_word' id='word_1_277' title='bbox 765 2909 904 2964; x_wconf 89' lang='lat' dir='ltr'>effinxerit.</span> <span class='ocrx_word' id='word_1_278' title='bbox 929 2912 1030 2965; x_wconf 89' lang='lat' dir='ltr'>Latinis</span> <span class='ocrx_word' id='word_1_279' title='bbox 1043 2929 1106 2966; x_wconf 85' lang='lat' dir='ltr'>vero</span> <span class='ocrx_word' id='word_1_280' title='bbox 1118 2913 1151 2966; x_wconf 91' lang='lat' dir='ltr'>Ir.</span> <span class='ocrx_word' id='word_1_281' title='bbox 1165 2930 1272 2985; x_wconf 88' lang='lat' dir='ltr'>respon·</span> 
     </span>
     <span class='ocr_line' id='line_1_42' title="bbox 765 2995 1272 3066; baseline 0.006 -18"><span class='ocrx_word' id='word_1_282' title='bbox 765 2995 809 3048; x_wconf 90' lang='lat' dir='ltr'>det</span> <span class='ocrx_word' id='word_1_283' title='bbox 836 3013 917 3066; x_wconf 85' lang='lat' dir='ltr'>parva</span> <span class='ocrx_word' id='word_1_284' title='bbox 945 2997 1092 3050; x_wconf 87' lang='lat' dir='ltr'>sententia:</span> <span class='ocrx_word' id='word_1_285' title='bbox 1124 3001 1220 3064; x_wconf 72' lang='grc' dir='ltr'><strong>τέγους</strong></span> <span class='ocrx_word' id='word_1_286' title='bbox 1244 3002 1272 3051; x_wconf 71' lang='grc' dir='ltr'>ἐν</span> 
     </span>
     <span class='ocr_line' id='line_1_43' title="bbox 765 3083 1273 3150; baseline 0.012 -18"><span class='ocrx_word' id='word_1_287' title='bbox 765 3083 841 3147; x_wconf 84' lang='grc' dir='ltr'><strong>Τύρῳ</strong></span> <span class='ocrx_word' id='word_1_288' title='bbox 851 3087 900 3148; x_wconf 77' lang='grc' dir='ltr'>τῆς</span> <span class='ocrx_word' id='word_1_289' title='bbox 911 3084 1037 3150; x_wconf 78' lang='grc' dir='ltr'><strong>Φοινίκης</strong></span> <span class='ocrx_word' id='word_1_290' title='bbox 1051 3086 1169 3138; x_wconf 76' lang='grc' dir='ltr'><strong>πόλει...</strong></span> <span class='ocrx_word' id='word_1_291' title='bbox 1182 3085 1216 3150; x_wconf 82' lang='grc' dir='ltr'>ἣν</span> <span class='ocrx_word' id='word_1_292' title='bbox 1227 3087 1273 3138; x_wconf 85' lang='grc' dir='ltr'>λυ-</span> 
     </span>
     <span class='ocr_line' id='line_1_44' title="bbox 764 3168 1273 3236; baseline 0.008 -19"><span class='ocrx_word' id='word_1_293' title='bbox 764 3168 932 3232; x_wconf 74' lang='grc' dir='ltr'><strong>τρωσάμενος</strong></span> <span class='ocrx_word' id='word_1_294' title='bbox 942 3169 997 3233; x_wconf 79' lang='lat' dir='ltr'>ripe</span> <span class='ocrx_word' id='word_1_295' title='bbox 1007 3171 1093 3236; x_wconf 72' lang='grc' dir='ltr'><strong>ἑαυτῷ</strong></span> <span class='ocrx_word' id='word_1_296' title='bbox 1103 3175 1213 3236; x_wconf 58' lang='lat' dir='ltr'>naptha}</span> <span class='ocrx_word' id='word_1_297' title='bbox 1223 3173 1273 3236; x_wconf 81' lang='grc' dir='ltr'>φά-</span> 
     </span>
     <span class='ocr_line' id='line_1_45' title="bbox 766 3250 1269 3322; baseline 0.008 -19"><span class='ocrx_word' id='word_1_298' title='bbox 766 3267 837 3304; x_wconf 73' lang='lat' dir='ltr'>naor</span> <span class='ocrx_word' id='word_1_299' title='bbox 856 3263 906 3304; x_wconf 90' lang='lat' dir='ltr'>etc.</span> <span class='ocrx_word' id='word_1_300' title='bbox 926 3250 1007 3318; x_wconf 84' lang='lat' dir='ltr'>(adde</span> <span class='ocrx_word' id='word_1_301' title='bbox 1025 3267 1092 3322; x_wconf 90' lang='lat' dir='ltr'>quae</span> <span class='ocrx_word' id='word_1_302' title='bbox 1111 3269 1143 3306; x_wconf 91' lang='lat' dir='ltr'>ex</span> <span class='ocrx_word' id='word_1_303' title='bbox 1165 3252 1269 3307; x_wconf 81' lang='lat' dir='ltr'>Theod.</span> 
     </span>
     <span class='ocr_line' id='line_1_46' title="bbox 765 3333 1206 3408; baseline 0.007 -21"><span class='ocrx_word' id='word_1_304' title='bbox 765 3333 793 3387; x_wconf 90' lang='lat' dir='ltr'>in</span> <span class='ocrx_word' id='word_1_305' title='bbox 811 3351 897 3405; x_wconf 84' lang='lat' dir='ltr'>praec.</span> <span class='ocrx_word' id='word_1_306' title='bbox 915 3347 971 3388; x_wconf 92' lang='lat' dir='ltr'>not.</span> <span class='ocrx_word' id='word_1_307' title='bbox 991 3335 1206 3408; x_wconf 90' lang='lat' dir='ltr'>desumpsimus).</span> 
     </span>
    </p>

    <p class='ocr_par' dir='ltr' id='par_1_6' title="bbox 765 3418 1271 3827">
     <span class='ocr_line' id='line_1_47' title="bbox 801 3418 1269 3490; baseline 0.006 -18"><span class='ocrx_word' id='word_1_308' title='bbox 801 3421 843 3486; x_wconf 86' lang='lat'>(3)</span> <span class='ocrx_word' id='word_1_309' title='bbox 855 3418 982 3472; x_wconf 89' lang='lat' dir='ltr'>Similiter</span> <span class='ocrx_word' id='word_1_310' title='bbox 994 3419 1083 3474; x_wconf 65' lang='lat' dir='ltr'>Hune:</span> <span class='ocrx_word' id='word_1_311' title='bbox 1096 3423 1146 3474; x_wconf 78' lang='grc' dir='ltr'>ὑπὸ</span> <span class='ocrx_word' id='word_1_312' title='bbox 1158 3428 1211 3475; x_wconf 82' lang='grc' dir='ltr'>τῶν</span> <span class='ocrx_word' id='word_1_313' title='bbox 1223 3425 1269 3490; x_wconf 72' lang='grc' dir='ltr'>ἀγ·</span> 
     </span>
     <span class='ocr_line' id='line_1_48' title="bbox 765 3504 1271 3568; baseline 0.01 -14"><span class='ocrx_word' id='word_1_314' title='bbox 765 3504 854 3568; x_wconf 75' lang='grc' dir='ltr'>γέλων</span> <span class='ocrx_word' id='word_1_315' title='bbox 872 3507 919 3555; x_wconf 80' lang='lat' dir='ltr'>aad</span> <span class='ocrx_word' id='word_1_316' title='bbox 938 3509 991 3557; x_wconf 77' lang='grc' dir='ltr'>τῶν</span> <span class='ocrx_word' id='word_1_317' title='bbox 1009 3508 1084 3558; x_wconf 74' lang='lat' dir='ltr'>adro</span> <span class='ocrx_word' id='word_1_318' title='bbox 1102 3507 1227 3567; x_wconf 79' lang='grc' dir='ltr'><strong>ἐξουσιῶν</strong></span> <span class='ocrx_word' id='word_1_319' title='bbox 1246 3509 1271 3559; x_wconf 76' lang='grc' dir='ltr'>οἳ</span> 
     </span>
     <span class='ocr_line' id='line_1_49' title="bbox 765 3589 1270 3658; baseline 0.012 -19"><span class='ocrx_word' id='word_1_320' title='bbox 765 3592 812 3640; x_wconf 82' lang='grc' dir='ltr'>καί</span> <span class='ocrx_word' id='word_1_321' title='bbox 836 3591 882 3641; x_wconf 82' lang='grc' dir='ltr'>τὸν</span> <span class='ocrx_word' id='word_1_322' title='bbox 900 3592 1009 3657; x_wconf 77' lang='grc' dir='ltr'><strong>κόσμου,</strong></span> <span class='ocrx_word' id='word_1_323' title='bbox 1028 3589 1115 3657; x_wconf 77' lang='grc' dir='ltr'><strong>φησίν,</strong></span> <span class='ocrx_word' id='word_1_324' title='bbox 1135 3591 1270 3658; x_wconf 76' lang='grc' dir='ltr'><strong>ἐποίησαν.</strong></span> 
     </span>
     <span class='ocr_line' id='line_1_50' title="bbox 765 3670 1269 3743; baseline 0.01 -20"><span class='ocrx_word' id='word_1_325' title='bbox 765 3670 819 3725; x_wconf 80' lang='lat' dir='ltr'>Cir.</span> <span class='ocrx_word' id='word_1_326' title='bbox 839 3671 930 3726; x_wconf 67' lang='lat' dir='ltr'>Enna.</span> <span class='ocrx_word' id='word_1_327' title='bbox 951 3673 1030 3727; x_wconf 80' lang='lat' dir='ltr'>Haer.</span> <span class='ocrx_word' id='word_1_328' title='bbox 1046 3673 1118 3737; x_wconf 86' lang='lat' dir='ltr'>XXI,</span> <span class='ocrx_word' id='word_1_329' title='bbox 1138 3689 1167 3743; x_wconf 73' lang='lat'>33</span> <span class='ocrx_word' id='word_1_330' title='bbox 1185 3673 1269 3728; x_wconf 73' lang='lat' dir='ltr'>Trux.</span> 
     </span>
     <span class='ocr_line' id='line_1_51' title="bbox 766 3757 1239 3827; baseline 0.011 -18"><span class='ocrx_word' id='word_1_331' title='bbox 766 3757 807 3810; x_wconf 83' lang='lat' dir='ltr'>De</span> <span class='ocrx_word' id='word_1_332' title='bbox 820 3775 862 3810; x_wconf 87' lang='lat' dir='ltr'>an.</span> <span class='ocrx_word' id='word_1_333' title='bbox 881 3773 913 3827; x_wconf 78' lang='lat'>34</span> <span class='ocrx_word' id='word_1_334' title='bbox 928 3759 1021 3812; x_wconf 89' lang='lat' dir='ltr'>eadem</span> <span class='ocrx_word' id='word_1_335' title='bbox 1036 3761 1131 3813; x_wconf 91' lang='lat' dir='ltr'>clarius</span> <span class='ocrx_word' id='word_1_336' title='bbox 1146 3761 1239 3814; x_wconf 89' lang='lat' dir='ltr'>reddit.</span> 
     </span>
    </p>

    <p class='ocr_par' dir='ltr' id='par_1_7' title="bbox 765 3843 1274 4337">
     <span class='ocr_line' id='line_1_52' title="bbox 803 3843 1273 3916; baseline 0.006 -20"><span class='ocrx_word' id='word_1_337' title='bbox 803 3843 845 3911; x_wconf 84' lang='lat'>(4)</span> <span class='ocrx_word' id='word_1_338' title='bbox 865 3843 884 3897; x_wconf 91' lang='lat'>1.</span> <span class='ocrx_word' id='word_1_339' title='bbox 898 3861 935 3897; x_wconf 80' lang='lat' dir='ltr'>e:</span> <span class='ocrx_word' id='word_1_340' title='bbox 955 3844 1086 3898; x_wconf 88' lang='lat' dir='ltr'>increatos</span> <span class='ocrx_word' id='word_1_341' title='bbox 1099 3858 1124 3899; x_wconf 93' lang='lat' dir='ltr'>et</span> <span class='ocrx_word' id='word_1_342' title='bbox 1140 3845 1273 3916; x_wconf 86' lang='lat' dir='ltr'>ingenitos</span> 
     </span>
     <span class='ocr_line' id='line_1_53' title="bbox 765 3929 1272 3999; baseline 0.004 -18"><span class='ocrx_word' id='word_1_343' title='bbox 765 3944 794 3981; x_wconf 88' lang='lat' dir='ltr'>se</span> <span class='ocrx_word' id='word_1_344' title='bbox 813 3929 921 3981; x_wconf 90' lang='lat' dir='ltr'>vellent.</span> <span class='ocrx_word' id='word_1_345' title='bbox 960 3929 1058 3999; x_wconf 88' lang='lat' dir='ltr'>Lapsus</span> <span class='ocrx_word' id='word_1_346' title='bbox 1080 3929 1124 3982; x_wconf 91' lang='lat' dir='ltr'>hic</span> <span class='ocrx_word' id='word_1_347' title='bbox 1147 3941 1172 3983; x_wconf 89' lang='lat' dir='ltr'>et</span> <span class='ocrx_word' id='word_1_348' title='bbox 1197 3930 1272 3999; x_wconf 88' lang='lat' dir='ltr'>culpa</span> 
     </span>
     <span class='ocr_line' id='line_1_54' title="bbox 766 4011 1273 4084; baseline 0.004 -20"><span class='ocrx_word' id='word_1_349' title='bbox 766 4011 923 4082; x_wconf 88' lang='lat' dir='ltr'>angelorum</span> <span class='ocrx_word' id='word_1_350' title='bbox 942 4011 1027 4081; x_wconf 88' lang='lat' dir='ltr'>prima</span> <span class='ocrx_word' id='word_1_351' title='bbox 1045 4011 1144 4065; x_wconf 88' lang='lat' dir='ltr'>Nostro</span> <span class='ocrx_word' id='word_1_352' title='bbox 1165 4025 1273 4084; x_wconf 87' lang='lat' dir='ltr'>apparet</span> 
     </span>
     <span class='ocr_line' id='line_1_55' title="bbox 766 4095 1273 4168; baseline 0.002 -19"><span class='ocrx_word' id='word_1_353' title='bbox 766 4095 910 4150; x_wconf 86' lang='lat' dir='ltr'>delineatio</span> <span class='ocrx_word' id='word_1_354' title='bbox 925 4095 1050 4150; x_wconf 89' lang='lat' dir='ltr'>historiae</span> <span class='ocrx_word' id='word_1_355' title='bbox 1068 4096 1192 4167; x_wconf 86' lang='lat' dir='ltr'>Sophiae.</span> <span class='ocrx_word' id='word_1_356' title='bbox 1230 4097 1273 4168; x_wconf 86' lang='lat' dir='ltr'>lp-</span> 
     </span>
     <span class='ocr_line' id='line_1_56' title="bbox 765 4180 1274 4246; baseline 0.002 -13"><span class='ocrx_word' id='word_1_357' title='bbox 765 4198 820 4233; x_wconf 82' lang='lat' dir='ltr'>sum</span> <span class='ocrx_word' id='word_1_358' title='bbox 841 4180 907 4234; x_wconf 86' lang='lat' dir='ltr'>reler</span> <span class='ocrx_word' id='word_1_359' title='bbox 928 4181 961 4234; x_wconf 91' lang='lat' dir='ltr'>ad</span> <span class='ocrx_word' id='word_1_360' title='bbox 980 4180 1127 4246; x_wconf 90' lang='lat' dir='ltr'>Simonem,</span> <span class='ocrx_word' id='word_1_361' title='bbox 1146 4181 1162 4234; x_wconf 93' lang='lat' dir='ltr'>i.</span> <span class='ocrx_word' id='word_1_362' title='bbox 1182 4199 1205 4235; x_wconf 80' lang='lat' dir='ltr'>e.</span> <span class='ocrx_word' id='word_1_363' title='bbox 1224 4181 1274 4234; x_wconf 88' lang='lat' dir='ltr'>Pa-</span> 
     </span>
     <span class='ocr_line' id='line_1_57' title="bbox 765 4267 1040 4337; baseline 0.007 -19"><span class='ocrx_word' id='word_1_364' title='bbox 765 4277 835 4319; x_wconf 88' lang='lat' dir='ltr'>trem</span> <span class='ocrx_word' id='word_1_365' title='bbox 850 4283 927 4337; x_wconf 92' lang='lat' dir='ltr'>super</span> <span class='ocrx_word' id='word_1_366' title='bbox 941 4267 1040 4321; x_wconf 88' lang='lat' dir='ltr'>omnia.</span> 
     </span>
    </p>
   </div>
   <div class='ocr_carea' id='block_1_6' title="bbox 0 0 1656 5060">
    <p class='ocr_par' dir='ltr' id='par_1_8' title="bbox 0 0 1656 5060">
     <span class='ocr_line' id='line_1_58' title="bbox 0 0 1656 5060; baseline 0 0"><span class='ocrx_word' id='word_1_367' title='bbox 0 0 1656 5060; x_wconf 95' lang='lat' dir='ltr'> </span> 
     </span>
    </p>
   </div>
  </div>
 </body>
</html>
