3274 5100
206 481 511 550 (xV111‚7-x1x,1).]
610 484 699 531 ttuert
721 484 885 530 secuuuus

207 677 245 743 Et
274 677 380 764 primo
409 675 536 764 quidem
566 672 670 742 dicant
694 675 786 742 nobis
818 698 943 742 causam
976 674 1157 742 huiusmodi
1181 677 1277 742 emis-

207 785 305 852 sionis
328 786 488 864 Aeonum,
513 799 546 850 ut
557 784 590 837 (¹)
612 783 689 850 nihil
713 799 841 870 tangant
863 805 974 850 eorum
998 805 1077 871 quae
1104 799 1176 848 sunt
1201 806 1271 850 con-

205 890 344 957 ditionis.
390 891 465 958 Non
481 891 566 956 enim
584 889 634 956 illa
643 890 677 944 (²)
690 906 816 977 propter
832 889 1046 956 conditionem
1062 887 1169 955 dicunt
1186 888 1275 972 lacta,

208 996 261 1064 sed
285 995 500 1064 conditionem
524 1013 649 1085 propter
673 995 741 1063 illa:
761 1012 792 1062 et
810 1019 876 1062 non
894 995 945 1062 illa
970 995 1085 1062 ltorum
1109 997 1274 1083 irnagineS,

208 1103 261 1171 sed
281 1103 356 1169 haec
380 1103 508 1170 illorum
528 1126 596 1169 esse
614 1103 732 1170 dicunt.
780 1101 1062 1184 Quemadmodum
1082 1104 1177 1190 igitur
1197 1103 1276 1169 ima-

206 1212 318 1298 ginum
341 1233 469 1276 causam
499 1207 632 1276 reddunt
658 1209 807 1289 dicenteS,
831 1231 974 1274 mensem
997 1206 1125 1297 quidem
1149 1210 1275 1297 triginta

208 1315 320 1384 lrabere
334 1317 400 1384 dies
417 1335 544 1406 propter
555 1318 681 1405 triginta
694 1319 830 1399 Aeonas,
843 1333 874 1382 et
886 1318 970 1383 diem
986 1315 1154 1384 duodecim
1171 1316 1275 1396 horas,

207 1440 237 1489 et
256 1447 374 1489 annum
392 1422 560 1489 duodecim
580 1445 717 1502 menses,
731 1440 856 1511 propter
872 1420 1039 1490 duodecim
1055 1425 1181 1489 Aeonas
1196 1445 1275 1510 quae

208 1547 279 1596 sunt
302 1533 383 1597 intra
406 1529 563 1610 Pleroma,
579 1547 610 1596 et
633 1553 849 1618 quaecumque
872 1529 929 1595 alia
952 1528 1099 1609 delirant3
1123 1552 1205 1596 nunc
1228 1530 1276 1597 di-

208 1654 278 1703 cant
301 1635 392 1702 nobis
416 1659 542 1702 causam
567 1637 658 1702 istam
681 1639 831 1703 Aeonum
854 1636 1044 1716 emissionis,
1062 1635 1136 1722 quid
1160 1637 1231 1722 quia
1242 1637 1276 1690 (³)

208 1742 287 1809 lacta
310 1759 357 1808 est
379 1742 473 1808 talis?
518 1743 649 1829 Propter
677 1742 751 1829 quid
775 1757 878 1808 autem
902 1743 1002 1830 prima
1027 1757 1056 1808 et
1080 1740 1276 1829 archegonos

207 1849 353 1914 omnium
377 1849 536 1915 octonatio
559 1849 674 1914 emissa
698 1866 754 1928 est,
778 1867 809 1915 et
833 1870 897 1914 non
920 1849 1040 1936 quinio,
1064 1847 1113 1914 νε]
1142 1849 1273 1929 trinitas,

208 1971 259 2020 aut
283 1955 465 2042 septenati0,
488 1970 540 2020 aut
567 1954 681 2043 aliquid
705 1977 828 2032 eorum,
851 1977 928 2042 quae
953 1955 984 2019 in
1007 1953 1139 2020 alterum
1163 1977 1275 2021 nume-

208 2083 277 2126 rum
303 2059 537 2126 confiniuntur?
582 2061 620 2127 Et
647 2059 721 2149 quid
753 2062 825 2148 quia
849 2083 885 2126 ex
910 2059 1000 2148 Logo
1024 2078 1054 2126 et
1078 2061 1140 2126 Zoe
1163 2060 1273 2127 decem

206 2168 314 2232 emissi
345 2183 417 2232 sunt
442 2167 577 2247 Aeones
601 2183 631 2232 et
658 2189 722 2233 non
753 2167 856 2254 plures
880 2183 932 2232 aut
956 2169 1079 2234 minus:
1112 2184 1142 2233 et
1166 2189 1273 2234 rursus

206 2297 243 2339 ex
267 2271 434 2360 Anthropo
457 2289 487 2340 et
511 2272 647 2340 Ecclesia
671 2271 850 2352 duodecim,
878 2296 977 2361 quum
1002 2291 1129 2362 possent
1149 2291 1178 2340 et
1198 2273 1273 2340 haec

207 2396 260 2444 aut
282 2378 352 2466 plus
376 2395 428 2444 aut
452 2381 557 2446 minus
581 2378 670 2446 fieri?

275 2503 304 2550 2.
331 2485 524 2551 Universum
546 2508 672 2574 quoque
688 2485 845 2566 Pleroma,
860 2484 935 2574 quid
955 2487 1061 2572 utique
1084 2487 1274 2573 tripartitum

207 2607 252 2656 est
275 2592 307 2656 in
332 2593 578 2673 octonarionem,
602 2608 631 2657 et
655 2589 814 2672 decadem,
838 2609 868 2658 et
899 2591 1130 2658 duodecadem:
1155 2609 1185 2657 et
1208 2615 1274 2657 non

206 2697 338 2763 alterum
353 2696 521 2786 quemdam
537 2715 656 2785 praeter
673 2697 731 2764 hos
747 2698 937 2764 numerum?
984 2697 1022 2763 Et
1036 2695 1151 2764 divisio
1167 2715 1271 2763 autem

206 2805 270 2891 ipsa
289 2804 362 2892 quid
383 2807 488 2893 utique
508 2807 539 2870 in
563 2822 636 2885 treS,
655 2822 686 2870 et
705 2828 769 2870 non
784 2807 817 2870 in
832 2821 976 2893 quatuor,
993 2803 1041 2869 vel
1057 2805 1205 2891 quinque,
1222 2803 1272 2869 νε]

206 2934 269 2990 sex,
290 2911 339 2977 νε]
363 2912 396 2976 in
418 2910 550 2977 alterum
574 2909 743 2998 quemdam
761 2909 840 2976 facta
855 2927 901 2976 est
918 2932 1097 2990 numerum,
1113 2909 1189 2976 niltil
1206 2925 1274 2976 tan-

206 3016 353 3104 gertresl⁴l
365 3039 476 3082 eorum
490 3038 709 3098 numerorum,
721 3017 775 3104 qui
791 3033 863 3082 sunt
879 3014 1068 3082 conditionis
1081 3017 1272 3106 (antiquiora

205 3123 289 3187 enim
306 3121 356 3188 illa
373 3121 421 3188 his
436 3121 554 3203 dicunt,
566 3141 597 3190 et
616 3139 739 3210 oportet
751 3145 786 3188 ea
801 3124 959 3210 propriam
975 3121 1088 3190 habere
1105 3124 1271 3202 tationem,

205 3289 263 3331 tura
280 3277 364 3347 [xvu]
381 3278 409 3330 in
428 3295 535 3348 genere.
573 3277 712 3350 Sequenti·

205 3363 251 3415 bus
270 3363 399 3433 capitibus
412 3379 476 3416 vero
491 3363 608 3434 singulas
624 3363 711 3434 exagi-

205 3448 281 3500 tabit.

240 3534 282 3598 (r)
302 3531 322 3586 l.
335 3549 358 3585 e.
377 3549 484 3586 causam
503 3545 630 3603 quaerant
645 3547 712 3603 quae

204 3617 276 3669 nulla
289 3617 392 3670 ratione
412 3635 426 3669 a
446 3618 539 3669 creatis
552 3617 593 3668 his
607 3617 711 3686 pendat.

240 3703 282 3768 (2)
293 3700 343 3754 Le.
353 3702 518 3764 emissioneS,
530 3703 711 3770 προβλήματα.

240 3787 281 3854 (3)
301 3784 402 3838 Graece
417 3789 441 3837 τῑ
456 3789 509 3838 dre:
525 3784 552 3837 h.
565 3802 587 3837 e.
600 3799 710 3855 quamo-

204 3871 287 3933 brem,
306 3886 351 3922 cur
370 3880 419 3922 etc.

239 3957 281 4021 (q)
300 3954 319 4005 I.
333 3971 355 4008 e.
366 3971 422 4006 non
432 3954 484 4006 sint
494 3953 568 4022 petiti
580 3953 709 4022 (numeri)

203 4055 217 4090 a
238 4039 313 4091 rebus
332 4038 434 4090 creatis.
472 4036 536 4090 Vult
561 4037 633 4090 enim
658 4037 710 4090 Ire-

202 4140 292 4186 naeus,
308 4135 384 4192 prout
398 4121 519 4176 Gnostici
533 4139 620 4175 rerum
634 4139 711 4175 mun-

202 4209 330 4260 danarum
362 4223 503 4260 numerum
537 4207 711 4277 exagitantes,

276 4419 330 4460 Brit.
345 4419 411 4461 saner.
428 4419 483 4460 Patr.
499 4418 553 4472 (Ser.
570 4419 601 4470 ll)
615 4418 654 4460 lll.

764 3279 834 3332 hunc
853 3279 886 3331 ad
906 3279 1027 3342 aliorum,
1040 3295 1085 3332 seu
1101 3279 1133 3332 ad
1147 3295 1273 3349 superno-

766 3379 824 3415 rum
848 3363 978 3416 rationem
997 3363 1211 3426 accommodant,
1235 3363 1272 3414 ita

765 3449 863 3516 pariter
885 3464 1026 3500 numerum
1045 3463 1219 3517 supernorum
1239 3447 1272 3500 ad

765 3533 878 3585 aliorum
905 3532 1036 3585 rationem
1061 3532 1273 3585 accommodari:

765 3616 834 3685 quod
853 3616 959 3686 quidem
975 3627 1108 3686 nequeunt
1124 3632 1205 3685 quum
1221 3615 1273 3668 alis

764 3717 841 3769 super
859 3700 982 3752 Pleroma
1001 3715 1057 3752 non
1075 3699 1206 3762 habeant3
1227 3717 1273 3752 ne-

764 3801 815 3854 que
828 3801 861 3836 en
873 3783 914 3836 liis
926 3801 994 3854 quae
1004 3783 1072 3836 inlra
1081 3795 1151 3848 sunt,
1161 3801 1273 3854 superna

763 3884 894 3938 exponere
913 3868 999 3921 liceat.
1018 3899 1053 3906 -
1075 3867 1273 3920 «Consentien-

766 3965 828 4005 ates
848 3952 881 4004 ad
899 3952 1120 4006 consonationem
1130 3970 1160 4004 u:
1179 3969 1274 4022 graece

763 4039 957 4104 ὁμοδοξοῦντες
975 4041 1013 4102 εἰς
1032 4041 1197 4108 supputatae:
1217 4037 1233 4088 i.
1250 4053 1272 4090 e.

764 4122 861 4192 pariter
904 4133 1067 4192 exponentes
1112 4120 1273 4174 concordem

766 4206 1000 4276 multiplicitatem.
