3274 5100
1243 437 1302 549 aia

236 483 445 552 (xV111‚2-3).]
634 485 723 531 risen
746 484 910 532 secuuous

236 679 373 745 minatus
388 695 446 760 est,
461 676 687 766 dogmatizarit
703 675 782 743 lacta
798 677 945 744 animalia
960 674 1174 744 decidentibus
1190 700 1206 742 e
1220 677 1307 743 caelo

236 787 268 852 in
291 803 408 852 terram
431 784 619 852 seminibus:
643 784 726 874 quod
747 801 778 851 et
801 785 834 850 bi
853 786 911 873 ipsi
930 786 963 851 in
984 785 1094 850 Matris
1114 807 1187 850 suae
1206 799 1308 850 trans-

235 891 373 957 tulemnt
395 894 527 973 semina,
550 909 581 958 et
604 915 672 958 esse
696 891 757 958 hoc
780 913 889 958 semen
913 893 1050 979 seipsos:
1077 892 1184 956 statim
1207 889 1307 956 confi-

236 1012 335 1064 tentes
354 997 434 1086 apud
454 1020 520 1077 eos,
539 999 592 1086 qui
611 1019 740 1064 sensum
759 996 883 1079 habent,
899 1014 928 1064 et
947 998 1032 1085 ipsos
1051 1019 1119 1063 esse
1135 1019 1213 1085 quae
1234 1013 1307 1063 sunt

236 1105 440 1192 Anaxagorae
464 1104 632 1194 irreligiosi
655 1106 785 1172 semina.

305 1232 334 1297 3.
355 1211 510 1278 Umbram
535 1227 640 1278 autem
659 1228 689 1278 et
708 1233 844 1277 vacuum
868 1211 1009 1298 ipsorum
1030 1234 1046 1276 a
1067 1211 1254 1278 Democrito
1275 1226 1305 1276 et

236 1317 371 1405 Epicuro
391 1333 550 1385 sumentes
560 1319 594 1372 (Ι)
617 1314 819 1404 sibimetipsis
843 1332 1035 1404 aptaverunt,
1055 1339 1153 1404 quum
1178 1317 1222 1382 illi
1241 1317 1304 1404 pri-

236 1448 327 1490 mum
351 1424 488 1490 multum
517 1446 699 1491 sermonem
723 1421 915 1489 confecerint
938 1421 976 1488 de
999 1445 1100 1489 vacuo
1124 1422 1215 1489 etde
1238 1439 1305 1490 ato-

237 1533 308 1614 mis,
324 1555 460 1620 quorum
483 1531 615 1598 alterum
631 1528 757 1619 quidem
772 1527 846 1618 quid
866 1552 935 1595 esse
953 1547 1155 1612 vocaverunt,
1172 1530 1304 1596 alterum

237 1770 271 1819 τὰ
289 1770 338 1833 μὲν
357 1770 390 1819 ἐκ
407 1765 486 1832 γαίας
505 1767 579 1834 φύντ’
590 1771 627 1830 εἰς
645 1772 724 1832 γαῖαν
800 1765 859 1836 plic.
888 1766 1011 1836 leguntur
1037 1765 1079 1817 his
1104 1764 1254 1828 simillima;
1279 1768 1306 1817 Δ.

237 1855 271 1904 τὰ
284 1853 364 1904 δ’ὰπ’
371 1853 491 1918 αἰθερίου
506 1854 652 1916 βλαστόντα
664 1857 745 1918 γονῆς
799 1852 885 1917 ἀρχὰς
901 1852 983 1902 terro
997 1854 1028 1902 τὸ
1043 1852 1144 1916 πλῆρες
1158 1853 1205 1902 καὶ
1219 1852 1249 1901 r'o
1261 1866 1307 1901 tre-

238 1940 275 1999 εἰς
294 1938 415 2002 repertor
434 1937 513 1988 πάλιν
531 1937 603 2002 ailbe
621 1937 713 1989 πόλον.
799 1937 853 1998 νόν,
861 1936 898 1986 ὢν
907 1935 939 1986 τὸ
948 1937 995 2000 μὲν
1002 1937 1032 1986 ὄν
1041 1937 1072 1986 τὸ
1080 1937 1110 1986 δὲ
1117 1937 1152 2000 μὴ
1165 1936 1194 1985 δν
1204 1935 1305 1986 ἐκάλει,

237 2021 297 2072 κτλ.
309 2019 414 2072 -Alia
428 2019 461 2072 de
474 2020 634 2089 Anaxagora
644 2018 690 2071 cfr.
704 2035 744 2090 ap.

240 2103 352 2168 leiren,
370 2119 395 2156 o.
415 2119 436 2156 c.
457 2103 508 2173 968
527 2120 583 2174 sqq.

273 2189 315 2256 (1)
335 2188 391 2241 Hoc
410 2188 556 2242 Democriti
575 2187 669 2258 fragm.
688 2187 744 2241 Gn·

237 2287 324 2326 cerrus
334 2272 405 2324 haud
418 2273 499 2325 semel
510 2270 588 2325 refert
596 2272 649 2338 (De
657 2272 743 2325 medic.

236 2359 334 2426 anapia,
352 2357 393 2416 ed.
416 2356 525 2410 Scribat
539 2357 643 2426 (1901),
663 2371 744 2427 ¹²593

237 2438 282 2492 cir.
303 2439 341 2492 De
359 2439 427 2492 elem.
451 2457 497 2492 sec.
524 2439 629 2512 Hippoc.
649 2440 669 2502 1,
698 2442 742 2507 zi:

237 2528 319 2590 νόμωι
345 2527 397 2592 γὰρ
424 2527 511 2593 χροιὴ,
539 2528 620 2592 rapui
648 2527 744 2593 γλυκύ,

237 2611 318 2674 aduror
345 2612 446 2675 πικρόν,
466 2613 539 2676 erent
558 2611 679 2676 a'aropa
697 2614 744 2662 aral

236 2697 324 2757 aaron,
335 2693 351 2745 i.
367 2710 390 2746 e.
413 2692 571 2764 «OpinIone
590 2696 672 2760 color,
687 2695 744 2765 opi-

241 2777 745 2847 anionedulce,0pinioneamarum:ve·

241 2883 254 2910 r
264 2863 341 2915 ritate
350 2873 456 2915 tantum
467 2863 549 2916 atomi
560 2876 586 2916 et
597 2880 742 2916 vacuum».

237 2945 320 3016 igitur
344 2946 476 3017 oppositio
495 2962 586 3016 reapse
604 2947 673 2999 inter
690 2953 743 2999 ato-

238 3047 290 3082 mos
318 3041 343 3083 et
371 3047 478 3083 vacuum
507 3029 535 3083 fit
554 3042 691 3100 tamquam
711 3031 743 3084 de

237 3113 336 3166 duabus
349 3113 512 3166 realitatibus
524 3112 582 3180 (cir.
599 3115 633 3166 al.
649 3112 743 3185 fragm.

237 3213 278 3266 ap.
289 3197 372 3250 Ρωτ.
383 3196 450 3250 Adv.
460 3196 539 3250 Colol.
551 3213 581 3263 4:
594 3202 629 3265 μὴ
640 3201 743 3264 μᾶλλον

236 3285 267 3332 τὸ
292 3284 337 3334 δὺν
360 3284 378 3350 ἡ
403 3285 434 3334 τὸ
461 3285 544 3350 μηδὲν
572 3286 663 3348 εἰναι);
691 3299 744 3352 quo

238 3377 393 3435 praenotato
410 3378 518 3437 apparet
528 3366 664 3438 diligentia
675 3366 743 3420 iren.

237 3450 316 3520 longe
334 3466 397 3520 prae
411 3450 504 3504 ceteris
517 3451 686 3521 scriptoribus
699 3451 743 3522 qui

236 3534 269 3587 de
288 3533 442 3588 Democrito
454 3551 605 3589 sermonem
618 3533 744 3599 fecerunt,

236 3631 342 3672 servato
360 3619 466 3690 quidem
481 3635 571 3686 vacuo,
586 3637 635 3689 pro
647 3620 744 3673 atomis

236 3703 278 3756 vel
298 3707 343 3755 δέν
361 3704 405 3756 vel
428 3706 458 3756 ὃν
483 3715 527 3756 aut
548 3707 643 3768 ναστὸς
666 3717 744 3774 prout

236 3787 330 3840 Amsr.
351 3788 427 3854 (Πιρῑ
446 3791 509 3856 Δημ.
526 3787 619 3858 fragm.
632 3789 682 3841 208
701 3805 743 3859 ap.

235 3870 316 3940 Rose)
327 3873 370 3924 vel
379 3874 479 3940 πλῆρες
490 3885 517 3926 ut
527 3872 646 3926 Simile.
658 3872 743 3943 (Phys.

235 3954 360 4020 XXVIII,
389 3957 573 4024 15)‚H1er³01..
602 3955 694 4010 Plrilos.
724 3957 744 4022 1,

239 4053 278 4107 η,
306 4052 332 4093 er
361 4040 451 4094 Herm.
481 4039 571 4110 (lrrr‘s.
597 4045 639 4110 13)
668 4042 744 4094 indu·

234 4124 291 4178 ctis.
337 4124 405 4178 Hinc
425 4125 493 4179 lren.
518 4127 606 4196 potius
630 4127 744 4180 conexit

234 4225 313 4278 quam
342 4210 478 4280 exscripsit
502 4227 569 4280 quae
588 4211 656 4281 apud
675 4211 743 4264 Sim·

799 2017 840 2071 De
857 2017 972 2088 Epicuro
991 2029 1080 2071 autem
1099 2035 1192 2072 verum
1215 2031 1254 2072 est
1279 2018 1307 2070 in

799 2103 848 2156 hac
861 2115 890 2157 re
902 2103 972 2174 quod
988 2103 1094 2156 Cremo
1108 2102 1140 2156 de
1152 2103 1247 2157 eodem
1261 2102 1307 2155 do·

799 2197 853 2239 cet:
869 2207 883 2236 a
893 2186 955 2257 quid
974 2200 1013 2240 est
1032 2187 1059 2240 in
1073 2188 1189 2258 physicis
1202 2187 1306 2258 Epicuri

802 2288 880 2324 «non
891 2287 905 2324 a
915 2271 1087 2325 Democrito?
1098 2289 1161 2324 nam
1171 2272 1220 2325 etsi
1228 2289 1306 2342 quae-

801 2355 887 2408 adam
902 2357 1078 2418 commutavit
1094 2368 1122 2410 ut
1135 2357 1204 2426 quod
1217 2357 1306 2426 paullo

802 2451 887 2492 «ante
906 2441 938 2493 de
959 2440 1131 2494 inclinatione
1154 2452 1305 2494 atomorum

802 2545 815 2574 n
825 2523 888 2592 dixi,
900 2536 991 2578 tamen
1006 2527 1128 2596 pleraque
1138 2525 1200 2579 dicit
1211 2527 1304 2579 eadem

802 2621 938 2674 «atomos,
952 2609 1039 2674 inane,
1052 2610 1203 2680 imagines..
1212 2649 1231 2664 ..
1247 2627 1304 2663 om-

802 2693 869 2746 unia
898 2692 951 2747 fere
977 2694 1070 2763 quibus
1098 2705 1209 2747 naturae
1237 2694 1305 2747 ratio

801 2797 815 2826 «
825 2777 976 2830 continetur
985 2796 1016 2840 »ς
1047 2778 1108 2830 Not.
1127 2778 1195 2830 deor.
1215 2778 1236 2844 1,
1263 2776 1304 2831 26.

797 2862 866 2915 Hinc
880 2863 966 2932 plures
980 2861 1025 2915 alii
1044 2862 1076 2915 de
1094 2875 1207 2934 utroque
1226 2863 1305 2915 simul

797 2962 948 3000 sermonem
968 2947 1090 3012 mIscent,
1104 2959 1132 3000 ut
1148 2965 1174 3000 v.
1195 2964 1220 3018 g.
1238 2947 1305 3000 Dro-

796 3045 857 3083 urs.
881 3031 937 3101 (ap.
967 3031 1063 3085 Eusre.
1092 3031 1182 3102 Praep.
1210 3047 1302 3102 evang.

796 3114 869 3180 XIV,
896 3116 956 3184 23);
974 3117 1042 3170 Αετ.
1058 3115 1094 3186 (l,
1118 3119 1157 3184 3);
1180 3115 1303 3169 Diones.

796 3197 827 3252 ir.
857 3199 909 3262 8o;
939 3199 1023 3252 Ριυτ.
1044 3199 1126 3268 (Adv.
1154 3199 1233 3254 Colat.
1258 3205 1303 3268 3);

795 3282 876 3338 err.
889 3283 984 3350 (Math.
998 3283 1044 3348 IX,
1066 3282 1129 3354 3⁶3)
1145 3297 1194 3340 etc.
1236 3284 1304 3338 Cae-

795 3378 882 3421 terum
892 3366 979 3421 csr.sis
992 3368 1105 3422 Epicur.
1117 3367 1164 3440 Ep.
1175 3369 1195 3432 Ι,
1208 3383 1248 3435 55,
1258 3369 1301 3422 ed.

795 3451 907 3516 Usener,
924 3469 966 3523 pp.
989 3465 1028 3518 15,
1049 3452 1098 3522 378
1118 3465 1168 3507 etc.
1207 3453 1303 3505 Huius-

796 3537 869 3590 modi
885 3553 949 3590 vero
961 3537 1078 3591 theorias
1091 3547 1153 3591 ante
1165 3537 1303 3591 Democri-

796 3633 853 3674 tum
875 3621 1008 3692 Leucippo
1027 3637 1084 3675 esse
1109 3621 1304 3684 adscribendas,

797 3705 866 3760 inter
879 3707 996 3760 eruditos
1011 3719 1126 3760 constat.
1165 3707 1235 3759 Hinc
1249 3709 1305 3778 pri-

797 3807 866 3843 mum
885 3791 949 3844 illud
969 3791 1037 3845 Iren.
1056 3792 1244 3863 corrigendum
1257 3802 1305 3845 est.

795 3874 851 3928 Csr.
872 3876 955 3929 Duas
973 3875 1064 3944 (Varla.
1090 3877 1115 3930 d.
1138 3891 1178 3946 35.
1198 3876 1306 3930 Philolo-

795 3977 909 4031 genvers.
923 3977 954 4030 ru
968 3959 1065 4026 Steiria,
1078 3960 1167 4031 1887).
1204 3961 1245 4014 De
1254 3961 1306 4015 De-

798 4044 912 4097 mocrito
933 4044 980 4098 cfr.
999 4044 1141 4110 Gomara,
1160 4063 1185 4099 o.
1205 4063 1228 4099 c.
1245 4060 1305 4112 254,

796 4143 862 4196 454;
884 4129 997 4186 Zrurrn.
1017 4129 1087 4198 8473
1108 4130 1233 4195 Dmorr,
1254 4130 1304 4182 Da·-

798 4213 995 4279 malrrr'tslndr'en,
1015 4213 1127 4284 Lipsiae,
1146 4214 1220 4284 1899.
