3238 5090
372 464 437 530 420

662 465 789 511 lRENAEI
813 465 973 512 ADVERSUS
996 465 1151 512 Hareni-:sss
1255 461 1363 532 [XXIV‚
1380 479 1432 530 4-5

370 657 560 722 conveniens
584 657 628 722 eis
647 655 684 722 ad
703 657 841 744 typicam
864 679 1073 743 eorumquae
1097 673 1169 724 sunt
1192 657 1224 723 in
1258 655 1434 723 Pleromate

370 762 683 842 demonstrationem,
706 785 745 827 ex
772 759 938 849 Scripturis
968 765 1013 829 sic
1037 765 1184 851 suscipiet
1207 760 1434 852 probationem.

370 872 462 937 Soter
474 892 593 935 nomen
604 871 741 957 quinque
754 869 923 950 literarum,
937 886 966 936 et
975 869 1067 936 Pater
1080 888 1186 936 autem
1199 869 1435 959 habetquinque

370 977 473 1043 literas
480 1001 488 1057 ;
505 976 557 1042 sed
575 994 605 1042 et
621 999 716 1063 agape
733 993 804 1042 sunt
821 975 926 1042 literae
944 977 1091 1066 quinque,
1109 993 1138 1043 et
1155 977 1314 1042 Dominus
1329 994 1436 1042 noster

370 1105 465 1171 panes
477 1083 613 1170 quinque
626 1078 822 1163 benedicens,
839 1081 962 1148 satiavit
980 1081 1147 1178 hominum
1167 1083 1304 1171 quinque
1324 1082 1435 1148 millia:

370 1190 523 1276 sapientes
539 1188 677 1274 virgines
696 1211 713 1252 a
732 1189 873 1256 Domino
895 1205 966 1254 sunt
982 1191 1119 1278 quinque
1138 1189 1252 1269 dictae;
1276 1207 1306 1257 et
1325 1191 1436 1257 stultae

370 1294 515 1361 similiter
537 1296 683 1383 quinque.
730 1295 846 1361 Iterum
861 1297 998 1383 quinque
1013 1297 1071 1362 viri
1091 1320 1164 1363 cum
1181 1297 1324 1362 Domino
1340 1295 1437 1362 fuisse

369 1399 524 1482 dicuntur,
543 1399 668 1489 quando
690 1403 874 1468 testimonio
897 1402 997 1468 Patris
1013 1404 1160 1484 occurrit,
1180 1403 1298 1469 scilicet
1313 1403 1436 1481 Petrus,

370 1526 400 1575 et
415 1506 557 1590 Iacobus,
573 1525 603 1574 et
618 1506 782 1590 lohannes,
798 1525 829 1576 et
845 1510 986 1596 Moyses,
1003 1525 1033 1576 et
1050 1509 1171 1592 Helias;
1187 1510 1314 1597 quintus
1330 1527 1435 1576 autem

370 1618 530 1703 ingressus
553 1617 711 1682 Dominus
735 1614 771 1682 ad
796 1633 955 1682 mortuam
978 1615 1125 1703 puellam,
1151 1617 1313 1682 suscitavit
1345 1639 1437 1682 eam:

376 1722 540 1791 «Nullum
565 1724 695 1802 enim»,
720 1723 829 1809 inquit,
852 1723 1026 1811 «permisit
1050 1724 1174 1804 intrare,
1206 1723 1266 1788 nisi
1295 1723 1438 1805 Petrum,

373 1857 388 1892 a
408 1847 438 1895 et
462 1827 622 1910 Iacobum,
642 1845 672 1894 et
689 1845 809 1916 patrem
825 1844 854 1894 et
871 1844 1005 1894 matrem
1029 1829 1147 1917 puellae
1163 1829 1225 1894 ».(¹)
1271 1829 1326 1897 llle
1348 1827 1439 1896 dives

371 1935 450 2022 apud
470 1933 587 2001 inferos
607 1933 718 2000 habere
736 1957 767 1999 se
787 1935 923 2021 quinque
943 1933 1051 2001 fratres
1074 1935 1160 2018 dixit,
1180 1934 1217 2002 ad
1240 1958 1321 2023 quos
1336 1959 1438 2001 unum

371 2041 415 2106 ire
429 2057 517 2128 rogat
529 2063 565 2105 ex
579 2041 712 2106 mortuis
726 2055 951 2126 resurgentem.
998 2040 1159 2106 Natatoria
1174 2039 1292 2127 piscina
1300 2040 1439 2127 quinque

372 2145 502 2212 habebat
513 2147 662 2234 porticus,
678 2145 759 2212 unde
774 2145 933 2211 Dominus
947 2144 1151 2232 paralyticum
1168 2169 1279 2211 sanum
1297 2146 1328 2210 in
1345 2169 1439 2210 suam

371 2251 505 2319 domum
521 2254 566 2319 ire
584 2253 748 2339 praecepit.
794 2250 833 2317 Et
848 2252 914 2338 ipse
929 2250 1052 2317 habitus
1073 2254 1184 2331 crucis,
1200 2250 1279 2320 fines
1298 2269 1329 2316 et
1348 2275 1441 2317 sum-

372 2361 496 2425 mitates
520 2358 611 2425 habet
629 2361 775 2448 quinque,
794 2357 873 2423 duos
892 2357 924 2422 in
940 2356 1145 2444 longitudine,
1168 2375 1199 2423 et
1214 2356 1294 2424 duos
1311 2358 1343 2423 in
1368 2357 1441 2422 lati-

372 2467 488 2548 tudine,
512 2483 541 2532 et
565 2490 663 2532 unum
688 2468 721 2532 in
740 2465 855 2547 medin,
873 2467 983 2552 inquo
999 2467 1163 2553 requiescit
1181 2467 1235 2554 qui
1254 2464 1349 2531 clavis
1368 2462 1441 2530 affi-

372 2574 464 2660 gitur.
480 2575 513 2626 (2)
557 2575 769 2662 Unaquaeque
788 2595 899 2638 manus
918 2587 1022 2638 nostra
1037 2571 1152 2659 digitos
1170 2573 1307 2660 quinque
1325 2569 1439 2650 habet3

930 2756 995 2806 αὐτὸ
1014 2752 1106 2812 dilator
1121 2751 1199 2819 ἐστίν,
1215 2754 1291 2822 ἐφ”ῷ
1307 2756 1440 2821 §noxque-

929 2855 973 2890 ται
990 2841 1016 2889 οἱ
1034 2841 1235 2903 σταυρούμενοι·
1254 2835 1313 2904 (Est
1331 2837 1439 2907 lignum

408 2757 450 2822 (1)
466 2756 532 2809 Luc,
546 2755 617 2819 VIII,
630 2771 669 2822 51.
707 2754 785 2826 Vulg.
798 2755 876 2809 habet

371 2853 430 2911 post
450 2841 582 2900 Iacobum.
598 2841 677 2894 etiam
694 2845 741 2893 καὶ
756 2842 876 2907 Ἰωάνην,

372 2940 452 2993 quam
465 2923 586 2976 nonnulli
597 2923 696 2993 antiqui
709 2923 784 2976 codd.
795 2923 876 2993 (apud

371 3007 589 3074 Wescott—Hort)
610 3007 744 3060 omittunt.
759 3037 794 3044 —
806 3006 876 3059 Reli-

371 3107 482 3160 quarum
504 3091 660 3143 allusionem
689 3091 722 3142 ad
749 3089 876 3160 Evangel.

372 3174 459 3226 locum
483 3175 599 3227 indicare
620 3174 735 3226 otiosum
754 3187 806 3228 est:
827 3192 876 3228 nec

372 3258 444 3310 enirn
459 3259 538 3310 verba
552 3257 707 3322 referuntur,
722 3269 748 3310 et
761 3275 801 3309 res
816 3269 876 3310 sunt

370 3341 532 3394 notissimae.

407 3429 448 3492 (2)
477 3427 579 3478 Iusrru.
610 3425 638 3478 C.
671 3423 761 3496 Tryph.
790 3443 812 3478 c.
842 3441 871 3494 91

371 3511 436 3563 haec
455 3510 487 3563 de
502 3527 578 3563 cruce
597 3510 675 3562 habet
694 3526 761 3580 quae
779 3511 875 3580 absque

371 3595 450 3647 dubio
469 3595 537 3646 Iren.
553 3595 680 3663 respexit:
700 3595 811 3660 Ὅρθιον
823 3597 875 3660 γάρ

369 3683 427 3731 ἐστι
448 3682 478 3730 τὸ
497 3681 525 3731 ἓν
550 3677 640 3740 ξύλονι
660 3680 707 3744 ἀφ’
720 3681 750 3730 οῦ
770 3681 825 3730 ἐστι
845 3682 875 3730 τὸ

371 3766 506 3817 ἀνώτατον
525 3767 603 3829 μέρος
618 3767 655 3826 εἰς
669 3766 751 3828 κέρας
765 3765 875 3830 ὑπερηρ-

371 3849 471 3915 petest,
481 3851 543 3901 ὅταν
553 3852 584 3900 τὸ
593 3850 662 3900 ἄλλο
675 3850 753 3908 ξύλον
764 3864 875 3914 προσαρ-

372 3935 470 3999 poelli,
488 3937 535 3984 acal
553 3933 757 3999 aucupantem-⁴
776 3933 812 3994 ὡς
829 3935 874 3984 κέ-

372 4035 439 4084 ρατα
457 4024 494 4083 τῷ
513 4021 552 4069 ἑνὶ
569 4019 662 4082 κέρατι
674 4019 876 4082 παρεζευγμῠνα

371 4106 405 4154 τὰ
424 4106 494 4168 ἂκρα
513 4099 645 4168 φαίνηται,
668 4105 714 4153 καί
737 4104 767 4152 τὸ
791 4103 874 4168 ἐντῷ

371 4193 443 4253 μεσῷ
461 4185 647 4253 πηγνύμενονῖ,
667 4188 703 4248 ὡς
725 4187 805 4251 κέρας
829 4189 877 4237 καὶ

930 2921 963 2974 ad
982 2922 1206 2991 perpendiculum,
1221 2937 1299 2990 super
1313 2921 1383 2991 quod
1396 2935 1439 2974 est

930 3023 1064 3058 summum
1084 3005 1261 3076 fragmentum
1282 3005 1365 3059 instar
1377 3023 1441 3059 cor-

929 3108 966 3143 nu
984 3091 1118 3144 eminens:
1148 3091 1209 3143 dein
1236 3090 1307 3143 aliud
1332 3090 1440 3160 lignum

930 3186 1034 3245 aptatur
1046 3184 1071 3226 et
1084 3174 1146 3226 hinc
1159 3174 1229 3238 inde,
1242 3175 1323 3227 veluti
1336 3191 1442 3228 cornua

929 3259 1016 3328 primo
1025 3259 1117 3312 cornui
1127 3258 1320 3329 perpendicula,
1328 3259 1440 3312 brachia

929 3343 1060 3407 extendit;
1079 3343 1105 3395 id
1124 3359 1188 3396 vero
1209 3343 1279 3413 quod
1298 3343 1327 3396 in
1346 3345 1440 3396 medio

930 3427 1074 3497 impactum
1106 3439 1154 3492 est,
1184 3426 1266 3480 veluti
1298 3443 1381 3480 cornu
1410 3439 1438 3480 et

929 3511 1015 3580 ipsum
1027 3512 1127 3564 elatum
1140 3524 1188 3576 est,
1198 3520 1272 3581 super
1281 3511 1345 3581 quod
1357 3512 1440 3564 susti·

928 3606 1025 3648 nentur
1034 3595 1172 3662 crucifixi).
1200 3595 1257 3648 Hoc
1271 3607 1439 3664 postremum

928 3681 998 3750 quod
1019 3680 1165 3749 impactum
1184 3692 1223 3733 est
1241 3691 1291 3732 etc.
1314 3680 1439 3732 nonnulli

928 3764 1034 3834 quidem
1045 3763 1086 3816 ubi
1098 3755 1150 3816 duo
1159 3763 1232 3833 ligna
1245 3763 1440 3816 intersecantur

929 3860 1030 3918 ponunt
1046 3848 1117 3901 velut
1136 3847 1229 3918 capitis
1242 3847 1439 3912 fulcimentum,

928 3932 974 3984 sed
987 3949 1123 4002 perperam
1137 3949 1218 4002 quum
1231 3931 1337 3985 nonnisi
1350 3939 1440 4002 suppe-

928 4017 1034 4068 daneum
1050 4034 1107 4070 esse
1119 4028 1221 4070 constet
1234 4027 1291 4069 turn
1304 4033 1336 4069 ex
1350 4015 1439 4070 verbis

928 4100 1030 4165 Iustini,
1040 4113 1097 4154 tum
1110 4119 1143 4154 ex
1156 4100 1345 4171 antiquissimis
1358 4117 1440 4171 quae-

929 4201 980 4255 que
999 4185 1082 4238 crucis
1102 4184 1309 4256 figurationibus.
