3274 5100
362 434 424 519 306
698 453 779 499 trum
801 453 937 502 sacurem
960 452 1102 499 sruopsrs

360 646 478 712 litterae
501 644 719 728 observantur,
742 667 807 712 non
825 668 902 712 vero
921 643 1083 712 hebraicae
1101 667 1182 733 quae
1197 646 1318 712 nativae
1335 648 1429 714 sunt?

361 752 429 820 Cur
453 752 543 819 multi
563 752 615 818 alii
634 753 700 840 typi
725 752 924 840 negliguntur
948 752 995 842 (v.
1010 775 1041 840 g.
1061 774 1227 818 mensurae
1251 775 1339 818 arcae
1362 751 1431 819 foe-

360 858 482 949 deris)?
530 859 597 926 Cur
618 859 745 947 quintus
768 859 820 926 ille
835 882 987 926 numerus
1002 882 1065 947 quo
1081 882 1107 925 s.
1128 860 1304 948 Scripturae
1320 860 1430 949 plenae

361 966 453 1034 sunt?
498 965 606 1032 XXV.
629 965 763 1032 Numeri
794 961 921 1053 quidem
944 988 1010 1031 non
1038 966 1105 1031 sine
1136 989 1249 1054 magna
1280 966 1431 1053 sapientia

362 1072 455 1139 rebus
471 1087 544 1138 sunt
555 1072 659 1159 positi,
673 1070 726 1138 sed
741 1072 817 1138 haec
832 1094 869 1136 ex
886 1070 991 1160 regula
1007 1071 1146 1138 veritatis
1164 1072 1311 1160 perpendi
1327 1070 1430 1138 debet.

361 1181 430 1248 Nec
453 1180 539 1246 enim
563 1179 651 1246 Deus
670 1203 708 1245 ex
727 1181 868 1246 numeris
887 1195 918 1245 et
941 1180 1052 1245 ceteris
1071 1201 1150 1266 quae
1174 1177 1252 1246 facta
1273 1195 1355 1261 sunt,
1375 1179 1429 1246 sed

362 1287 467 1374 potius
494 1285 571 1352 haec
597 1309 636 1352 ex
667 1286 737 1352 Deo
768 1284 969 1373 explicantur.
1024 1285 1194 1353 Caeterum
1225 1308 1291 1352 non
1321 1287 1430 1352 omnia

364 1393 531 1460 hominum
559 1393 792 1482 investigationi
817 1391 955 1458 subiecta
983 1407 1055 1458 sunt
1080 1414 1180 1481 neque
1211 1414 1280 1458 esse
1306 1391 1430 1458 debent.

363 1499 485 1566 XXVI.
498 1499 632 1566 Scientia
646 1498 744 1580 inflat,
756 1499 866 1566 caritas
881 1497 1032 1580 aedificat,
1045 1521 1102 1564 nec
1114 1499 1185 1586 plus
1199 1521 1295 1587 quam
1307 1515 1434 1587 oportet

364 1628 471 1694 sapere
493 1606 588 1672 iuvat.

434 1818 476 1909 C)
500 1823 749 1888 Conclusiones
767 1824 953 1900 practicae.
1000 1817 1138 1883 XXVII.
1153 1815 1306 1905 Exemplo
1326 1816 1436 1882 haere-

365 1927 500 1994 ticorum
512 1924 647 1992 ostendit
661 1925 806 1992 Irenaeus
818 1923 979 2013 parabolas
992 1923 1151 2008 obscuras,
1164 1922 1201 1990 ad
1214 1941 1333 2012 apertas
1344 1946 1436 2012 prae-

365 2032 536 2100 dicationes
560 2029 765 2120 explicandas,
785 2030 924 2098 adhiberi
944 2053 1009 2097 non
1027 2028 1150 2097 debere.
1197 2030 1348 2097 XXVIII.
1371 2029 1435 2096 Re-

365 2140 438 2228 gula
473 2136 545 2206 fidei
577 2161 648 2227 prae
683 2136 831 2205 omnibus
865 2135 1014 2205 tenenda:
1049 2161 1128 2227 quae
1162 2154 1286 2204 nostrae
1317 2139 1436 2203 mentis

366 2261 491 2333 captum
515 2261 700 2334 exsuperant
723 2246 795 2312 Deo
817 2243 1046 2312 committenda
1068 2268 1137 2311 esse
1160 2245 1340 2311 humiliter:
1364 2266 1437 2325 nec,

366 2370 458 2441 prout
481 2352 628 2420 haeretici
652 2368 790 2434 censent,
813 2368 931 2417 temere
955 2353 1062 2418 omnia
1086 2350 1261 2418 scrutanda.

551 2616 597 2671 tv.
616 2647 651 2656 -
670 2616 711 2670 Da
730 2631 807 2670 sarrs
825 2631 976 2670 ammaon
996 2615 1242 2684 (xxm-xxxv).

434 2777 557 2844 XXIX.
582 2777 746 2866 Repugnat
773 2773 924 2864 quasdam
951 2775 1072 2840 animas
1107 2775 1141 2841 in
1174 2775 1330 2856 Pleroma,
1360 2774 1439 2841 alias

369 2885 400 2950 in
436 2881 636 2950 medietatem
664 2881 759 2964 abire,
787 2904 918 2969 corpora
948 2905 1025 2948 vero
1059 2881 1157 2947 salute
1192 2883 1328 2970 expertia
1358 2903 1439 2948 esse.

368 2991 476 3058 XXX.
501 2990 666 3078 Repugnat
689 2991 810 3056 animas
829 2988 981 3075 spiritales
1005 3011 1073 3054 esse
1097 2989 1125 3054 si
1143 2989 1337 3076 Demiurgus
1360 2989 1441 3075 ipse,

367 3120 465 3186 aquo
481 3113 564 3178 sunt,
581 3098 724 3163 animalis
739 3097 789 3160 sit.
836 3094 958 3162 XXXI.
975 3094 1025 3162 Ad
1042 3095 1120 3160 alios
1137 3094 1312 3162 extenditur
1330 3093 1443 3160 haere-

368 3205 448 3270 ticos
462 3203 546 3292 quod
567 3219 676 3270 contra
692 3203 897 3268 Valentinum
913 3200 1075 3289 hucusque
1090 3200 1280 3289 disputatum
1298 3217 1362 3280 est;
1379 3200 1441 3266 ho-

370 3333 441 3377 rum
460 3312 607 3378 omnium
619 3333 692 3376 vera
706 3309 766 3376 fata
779 3324 910 3374 ventura
922 3304 1140 3375 ostenduntur.
1185 3307 1323 3374 XXXII.
1339 3308 1441 3396 Impia

368 3434 400 3484 et
418 3417 573 3484 horrenda
589 3441 668 3506 quae
691 3417 730 3484 de
748 3415 956 3484 indifferentia
972 3405 1133 3482 actionum
1152 3415 1190 3481 ab
1214 3414 1262 3481 his
1281 3412 1441 3496 dicuntur,

370 3524 408 3590 de
432 3526 616 3591 necessitate
638 3525 784 3590 omnium
817 3520 1046 3609 turpitudinum
1081 3519 1308 3602 obeundarum,
1338 3520 1442 3608 deque

371 3630 574 3698 similitudine
587 3648 617 3697 et
633 3629 849 3716 superioritate
862 3652 935 3695 cum
954 3629 1035 3694 lesu.
1082 3627 1235 3694 XXXIII.
1256 3625 1442 3694 Absurdum

370 3739 491 3804 animas
504 3754 535 3804 et
548 3737 731 3828 corporibus
748 3737 780 3801 in
795 3756 926 3824 corpora
943 3735 1088 3822 migrare.
1135 3735 1289 3801 XXXIV.
1306 3735 1443 3800 Animas

369 3863 440 3934 post
466 3861 603 3911 mortem
627 3860 789 3911 aeternum
808 3842 989 3909 immobiles
1009 3841 1252 3930 perseverabunt
1275 3864 1348 3908 cum
1373 3864 1444 3907 me-

373 3954 473 4018 moria
498 3972 630 4017 suorum
654 3966 828 4038 gestorum.
875 3949 1016 4016 XXXV.
1039 3950 1089 4015 De
1113 3947 1276 4016 animabus
1305 3947 1444 4037 prophe-

371 4076 473 4126 tarum
494 4061 526 4126 in
551 4061 664 4148 specie,
687 4057 787 4148 deque
811 4058 991 4149 prophetiae
1015 4058 1147 4147 origine.

773 4223 1040 4236 u———n—-n
