3238 5090
326 339 390 425 428
644 361 772 406 innuant
796 361 872 406 auu.
898 360 1054 408 naereses
1092 357 1202 426 [xxV1,
1222 355 1388 420 2-xxv11,1

325 553 440 622 referre
462 551 500 620 ad
523 555 742 622 testimonium
767 576 840 620 suae
859 569 972 636 sectae,
995 575 1091 640 quam
1114 553 1392 640 excogitaverunt?

301 664 388 744 uAut
411 663 525 728 iterum
550 662 575 728 si
594 663 663 750 quis
687 660 729 728 ob
748 660 810 727 hoc
831 660 917 750 quod
940 658 1062 728 dictum
1086 661 1126 726 sit
1149 661 1182 726 in
1205 659 1391 748 Evangelio:

326 769 472 837 «Nonne
495 766 559 834 duo
583 790 723 856 passeres
743 790 812 834 asse
835 768 1011 834 vaeneunt?
1035 783 1066 833 et
1089 789 1171 833 unus
1194 791 1233 833 ex
1255 765 1305 832 his
1326 787 1394 832 non

326 874 445 942 «cadet
468 897 560 962 super
578 892 695 942 terram
718 875 786 942 sine
809 875 911 942 Patris
930 875 1026 940 vestri
1048 873 1211 940 voluntate
1226 873 1295 939 »ιω
1316 896 1395 939 enu-

324 1002 445 1046 merare
461 979 596 1046 voluerit
615 996 722 1068 captos
738 977 853 1068 ubique
867 978 1007 1067 quotidie
1025 1001 1166 1067 passeres
1181 980 1249 1045 sive
1268 979 1301 1044 in
1316 1001 1395 1044 una-

323 1109 444 1174 quaque
466 1087 605 1174 regione,
628 1103 659 1152 et
674 1109 806 1160 causam⁴
824 1087 982 1174 requirere
1005 1083 1046 1152 ob
1062 1108 1158 1174 quam
1181 1084 1248 1152 heri
1264 1084 1394 1172 quidem

323 1209 438 1273 tantos,
461 1216 496 1259 ac
515 1192 613 1281 pridie
636 1208 750 1274 tantos,
773 1191 868 1259 hodie
891 1208 995 1259 autem
1020 1193 1136 1258 iterum
1158 1193 1236 1258 tanti
1260 1192 1321 1258 sint
1336 1194 1396 1279 qui

323 1300 404 1386 capti
427 1315 513 1366 sunt:
537 1315 568 1366 et
591 1297 732 1366 adnectat
755 1321 918 1387 passerum
940 1320 1110 1366 numerum
1133 1298 1171 1365 ad
1187 1321 1280 1365 suum
1300 1321 1397 1387 argu-

322 1422 484 1485 mentum3
508 1428 613 1472 nonne
629 1407 768 1493 seipsum
784 1404 904 1473 seducit
919 1407 1064 1487 omnin0,
1080 1421 1110 1471 et
1126 1406 1250 1492 eosqui
1266 1405 1396 1493 adquie-

323 1527 413 1578 scunt
435 1513 468 1578 in
491 1534 639 1600 magnam
664 1512 818 1578 insaniam
841 1512 937 1600 cogit,
961 1533 1086 1600 semper
1108 1512 1264 1600 promptis
1287 1511 1396 1578 homi-

322 1616 424 1700 nibus,
447 1635 481 1684 ut
504 1619 537 1684 in
564 1615 677 1684 talibus
709 1619 843 1706 amplius
873 1617 948 1706 quid
977 1641 1074 1706 quam
1105 1618 1248 1706 magistri
1278 1641 1393 1684 eorum

322 1741 469 1813 putentur
488 1725 664 1792 invenisse?

369 1852 398 1916 3.
422 1829 510 1913 Quid
534 1847 638 1898 autem
663 1832 690 1897 si
706 1832 775 1918 quis
791 1832 963 1918 interroget
982 1853 1051 1911 nos,
1071 1831 1098 1896 si
1114 1831 1220 1897 omnis
1239 1853 1393 1896 numerus

321 1938 467 2002 omnium
490 1959 569 2024 quae
593 1953 665 2002 sunt
685 1935 774 2017 facta,
798 1950 828 2002 et
843 1957 923 2023 quae
945 1933 1031 2017 fiant,
1055 1937 1151 2002 scitur
1175 1959 1192 2001 a
1215 1936 1297 2018 Deo,
1316 1953 1348 2002 et
1364 1937 1392 2002 si

321 2041 494 2109 secundum
510 2042 593 2109 illius
609 2042 838 2130 providentiam
855 2043 1068 2130 unusquisque
1085 2063 1196 2108 eorum
1213 2065 1294 2114 eam.
1309 2065 1394 2130 quae

322 2147 495 2215 secundum
512 2171 545 2214 se
561 2163 618 2229 est,
634 2149 752 2236 accepit
767 2148 987 2236 quantitatem:
1013 2146 1166 2236 nobisque
1189 2149 1393 2216 consentien-

320 2251 403 2318 tibus
426 2269 456 2318 et
478 2251 710 2334 confitentibus
733 2253 805 2340 quia
822 2251 899 2318 nihii
927 2253 1061 2318 omnino
1081 2251 1197 2318 horum
1212 2275 1292 2340 quae
1308 2251 1392 2319 iacta

320 2375 402 2440 sunt,
418 2376 448 2425 et
463 2382 541 2447 quae
557 2357 636 2425 fiunt
651 2375 682 2424 et
697 2357 781 2439 fient,
798 2359 961 2424 scientiam
978 2358 1038 2424 Dei
1057 2356 1145 2447 fugit,
1162 2357 1216 2426 sed
1233 2381 1287 2446 per
1302 2357 1391 2424 illius

320 2463 549 2552 providentiam
569 2464 816 2553 unumquodque
835 2487 946 2530 eorum
963 2481 994 2530 et
1008 2461 1163 2548 habitum,
1181 2481 1212 2532 et
1231 2464 1391 2547 ordinem,

320 2587 350 2639 et
373 2588 554 2654 numerum,
570 2589 600 2638 et
615 2573 820 2659 quantitatem
844 2572 983 2658 accipere
998 2588 1029 2637 et
1044 2573 1200 2660 accepisse
1216 2573 1389 2660 propriam,

319 2695 350 2744 et
373 2679 449 2745 nibil
473 2680 606 2745 omnino
638 2701 738 2766 neque
761 2700 851 2760 vane,
875 2701 932 2744 nec
956 2693 989 2743 ut
1017 2679 1163 2766 provenit
1193 2677 1311 2746 factum
1336 2698 1391 2746 aut

318 2785 397 2866 fieri,
422 2785 475 2853 sed
500 2809 573 2852 cum
607 2809 720 2874 magna
748 2781 957 2872 aptatione'et
980 2785 1170 2852 conscientia
1194 2782 1333 2866 sublimi,
1359 2803 1390 2852 et

318 2915 387 2958 esse
417 2890 634 2959 admirabilem
665 2894 830 2971 rationem,
855 2908 885 2957 et
908 2914 980 2958 vere
1010 2890 1149 2958 divinam
1178 2913 1257 2979 quae
1287 2894 1390 2979 possit

319 2999 501 3066 huiusmodi
524 3015 555 3065 et
576 2998 763 3080 discernere,
786 3017 817 3065 et
840 3021 948 3066 causas
971 2999 1112 3086 proprias
1136 2999 1312 3065 enuntiare:
1336 3021 1392 3064 ac-

319 3107 435 3192 cipiens
447 3128 464 3171 a
478 3104 569 3172 nobis
585 3105 768 3173 huiusmodi
783 3106 1002 3171 testimonium
1018 3121 1048 3170 et
1064 3127 1266 3186 consensum,
1278 3122 1390 3194 pergat

319 3212 356 3279 ad
380 3211 451 3292 hoc,
478 3229 510 3277 ut
533 3227 563 3278 et
587 3234 713 3278 arenam
745 3227 907 3278 enumeret
930 3229 961 3277 et
984 3211 1122 3278 calculos
1144 3228 1253 3290 terrae,
1277 3210 1331 3278 sed
1358 3229 1392 3278 et

317 3317 431 3384 fluctus
455 3319 562 3399 maria,
585 3335 615 3384 et
634 3318 737 3384 stellas
761 3318 848 3398 caeli,
872 3335 902 3384 et
925 3341 1034 3384 causas
1058 3319 1236 3406 excogitare
1259 3321 1390 3386 numeri

318 3426 373 3513 qui
387 3441 511 3512 putatur
527 3426 690 3492 inventus?
731 3426 847 3492 Nonne
863 3427 895 3490 in
911 3448 1029 3490 vanum
1047 3423 1202 3505 laborans,
1222 3441 1252 3491 et
1269 3423 1391 3492 delirus

318 3529 368 3594 hic
391 3529 470 3608 talis,
494 3547 524 3595 et
548 3528 766 3596 irrationabilis
799 3528 836 3596 ab
860 3528 1008 3596 omnibus
1031 3531 1084 3616 qui
1108 3552 1236 3596 sensum
1259 3528 1390 3613 habent,

315 3637 396 3702 iuste
412 3635 551 3703 dicetur?
598 3637 636 3702 Et
652 3659 715 3724 quo
732 3638 832 3724 magis
852 3653 972 3725 praeter
988 3652 1126 3704 caeteros
1150 3636 1182 3703 in
1202 3635 1390 3706 huiusmodi

352 3829 516 3897 (nidmu.
526 3829 559 3894 X,
574 3844 607 3900 29
617 3829 675 3898 (cfr.
689 3831 770 3884 etiam
786 3829 820 3895 V,
879 3826 956 3896 Epist.
991 3841 1019 3895 55
1050 3827 1123 3897 [59];
1151 3826 1314 3882 Novarum
1347 3828 1391 3882 De

317 3925 395 3976 xxru,
412 3915 448 3978 2).
490 3911 619 3965 Veluniate
637 3914 756 3966 additum
777 3913 822 3965 ha·
881 3911 952 3965 Tria.
966 3912 982 3964 8
998 3913 1082 3966 sedet
1096 3913 1123 3966 in
1135 3912 1258 3970 versione
1271 3912 1389 3967 Arabica

316 3996 392 4048 betur
404 4012 508 4067 quoque
521 3997 548 4049 in
566 3995 616 4050 Vct.
628 3996 686 4050 Ital.
697 4015 737 4068 ap.
751 3995 822 4050 Ten·
876 4010 902 4050 et
921 3996 991 4050 Pers.
1003 4027 1036 4036 -
1047 3997 1077 4050 In
1096 3997 1169 4050 nullo
1184 3997 1275 4050 codice
1293 4007 1390 4051 tamen

316 4094 479 4133 Tortrauuu
513 4098 568 4134 non
601 4083 702 4147 semel;
738 4081 821 4136 Crnn.
876 4081 1012 4152 reperitur.
