<?xml version="1.0" encoding="UTF-8"?>
<!DOCTYPE html PUBLIC "-//W3C//DTD XHTML 1.0 Transitional//EN"
    "http://www.w3.org/TR/xhtml1/DTD/xhtml1-transitional.dtd">
<html xmlns="http://www.w3.org/1999/xhtml" xml:lang="en" lang="en">
 <head>
  <title>
</title>
<meta http-equiv="Content-Type" content="text/html;charset=utf-8" />
  <meta name='ocr-system' content='tesseract 3.04.00' />
  <meta name='ocr-capabilities' content='ocr_page ocr_carea ocr_par ocr_line ocrx_word'/>
</head>
<body>
  <div class='ocr_page' id='page_1' title='image "./adversushaerese00irengoog_0220.png"; bbox 0 0 3288 5060; ppageno 0'>
   <div class='ocr_carea' id='block_1_1' title="bbox 213 487 1282 556">
    <p class='ocr_par' dir='ltr' id='par_1_1' title="bbox 213 487 1282 556">
     <span class='ocr_line' id='line_1_1' title="bbox 213 487 1282 556; baseline -0.007 -17"><span class='ocrx_word' id='word_1_1' title='bbox 213 487 276 550; x_wconf 69' lang='lat' dir='ltr'>(lx,</span> <span class='ocrx_word' id='word_1_2' title='bbox 298 487 349 556; x_wconf 61' lang='grc' dir='ltr'>γι]</span> <span class='ocrx_word' id='word_1_3' title='bbox 641 488 730 535; x_wconf 70' lang='lat' dir='ltr'>uana</span> <span class='ocrx_word' id='word_1_4' title='bbox 754 488 867 534; x_wconf 71' lang='lat' dir='ltr'>paruus</span> <span class='ocrx_word' id='word_1_5' title='bbox 1222 487 1282 552; x_wconf 80' lang='lat'>215</span> 
     </span>
    </p>
   </div>
   <div class='ocr_carea' id='block_1_2' title="bbox 214 678 1288 1940">
    <p class='ocr_par' dir='ltr' id='par_1_2' title="bbox 214 678 1288 1940">
     <span class='ocr_line' id='line_1_2' title="bbox 214 678 1287 768; baseline 0.002 -22"><span class='ocrx_word' id='word_1_6' title='bbox 214 678 389 747; x_wconf 85' lang='lat' dir='ltr'>admodum</span> <span class='ocrx_word' id='word_1_7' title='bbox 413 679 445 746; x_wconf 90' lang='lat' dir='ltr'>hi</span> <span class='ocrx_word' id='word_1_8' title='bbox 468 681 521 768; x_wconf 91' lang='lat' dir='ltr'>qui</span> <span class='ocrx_word' id='word_1_9' title='bbox 545 682 577 747; x_wconf 94' lang='lat' dir='ltr'>in</span> <span class='ocrx_word' id='word_1_10' title='bbox 592 679 806 768; x_wconf 81' lang='lat' dir='ltr'><strong>phreneticam</strong></span> <span class='ocrx_word' id='word_1_11' title='bbox 823 682 1001 768; x_wconf 86' lang='lat' dir='ltr'>passionem</span> <span class='ocrx_word' id='word_1_12' title='bbox 1022 681 1210 763; x_wconf 88' lang='lat' dir='ltr'>inciderunt,</span> <span class='ocrx_word' id='word_1_13' title='bbox 1234 698 1287 748; x_wconf 89' lang='lat' dir='ltr'>aut</span> 
     </span>
     <span class='ocr_line' id='line_1_3' title="bbox 215 784 1285 876; baseline 0.001 -23"><span class='ocrx_word' id='word_1_14' title='bbox 215 787 287 876; x_wconf 92' lang='lat' dir='ltr'>plus</span> <span class='ocrx_word' id='word_1_15' title='bbox 309 784 421 866; x_wconf 86' lang='lat' dir='ltr'>rident,</span> <span class='ocrx_word' id='word_1_16' title='bbox 444 803 474 853; x_wconf 91' lang='lat' dir='ltr'>et</span> <span class='ocrx_word' id='word_1_17' title='bbox 497 787 600 854; x_wconf 82' lang='lat' dir='ltr'>valere</span> <span class='ocrx_word' id='word_1_18' title='bbox 623 809 656 854; x_wconf 88' lang='lat' dir='ltr'>se</span> <span class='ocrx_word' id='word_1_19' title='bbox 673 802 790 874; x_wconf 90' lang='lat' dir='ltr'>putant,</span> <span class='ocrx_word' id='word_1_20' title='bbox 811 804 841 852; x_wconf 91' lang='lat' dir='ltr'>et</span> <span class='ocrx_word' id='word_1_21' title='bbox 856 789 944 876; x_wconf 88' lang='lat' dir='ltr'>quasi</span> <span class='ocrx_word' id='word_1_22' title='bbox 964 789 1031 854; x_wconf 88' lang='lat' dir='ltr'>sani</span> <span class='ocrx_word' id='word_1_23' title='bbox 1051 789 1159 854; x_wconf 90' lang='lat' dir='ltr'>omnia</span> <span class='ocrx_word' id='word_1_24' title='bbox 1177 805 1285 876; x_wconf 86' lang='lat' dir='ltr'>agunt,</span> 
     </span>
     <span class='ocr_line' id='line_1_4' title="bbox 214 891 1285 982; baseline 0.001 -23"><span class='ocrx_word' id='word_1_25' title='bbox 214 891 369 982; x_wconf 79' lang='lat' dir='ltr'>quaedam</span> <span class='ocrx_word' id='word_1_26' title='bbox 393 909 498 960; x_wconf 90' lang='lat' dir='ltr'>autem</span> <span class='ocrx_word' id='word_1_27' title='bbox 522 910 552 959; x_wconf 89' lang='lat' dir='ltr'>et</span> <span class='ocrx_word' id='word_1_28' title='bbox 575 895 663 982; x_wconf 86' lang='lat' dir='ltr'>quasi</span> <span class='ocrx_word' id='word_1_29' title='bbox 682 894 750 982; x_wconf 91' lang='lat' dir='ltr'>plus</span> <span class='ocrx_word' id='word_1_30' title='bbox 774 917 868 981; x_wconf 88' lang='lat' dir='ltr'>quam</span> <span class='ocrx_word' id='word_1_31' title='bbox 889 895 956 959; x_wconf 89' lang='lat' dir='ltr'>sani</span> <span class='ocrx_word' id='word_1_32' title='bbox 980 911 1062 976; x_wconf 92' lang='lat' dir='ltr'>sunt,</span> <span class='ocrx_word' id='word_1_33' title='bbox 1079 912 1166 962; x_wconf 87' lang='lat' dir='ltr'>tanto</span> <span class='ocrx_word' id='word_1_34' title='bbox 1183 896 1285 982; x_wconf 88' lang='lat' dir='ltr'>magis</span> 
     </span>
     <span class='ocr_line' id='line_1_5' title="bbox 216 997 1286 1090; baseline 0.002 -24"><span class='ocrx_word' id='word_1_35' title='bbox 216 1001 299 1067; x_wconf 89' lang='lat' dir='ltr'>male</span> <span class='ocrx_word' id='word_1_36' title='bbox 323 997 451 1081; x_wconf 90' lang='lat' dir='ltr'>habent;</span> <span class='ocrx_word' id='word_1_37' title='bbox 474 1000 618 1067; x_wconf 90' lang='lat' dir='ltr'>similiter</span> <span class='ocrx_word' id='word_1_38' title='bbox 641 1021 747 1067; x_wconf 89' lang='lat' dir='ltr'>autem</span> <span class='ocrx_word' id='word_1_39' title='bbox 766 1022 796 1068; x_wconf 91' lang='lat' dir='ltr'>et</span> <span class='ocrx_word' id='word_1_40' title='bbox 820 1000 863 1082; x_wconf 92' lang='lat' dir='ltr'>hi,</span> <span class='ocrx_word' id='word_1_41' title='bbox 885 1023 949 1088; x_wconf 92' lang='lat' dir='ltr'>quo</span> <span class='ocrx_word' id='word_1_42' title='bbox 973 1002 1074 1090; x_wconf 86' lang='lat' dir='ltr'>magis</span> <span class='ocrx_word' id='word_1_43' title='bbox 1093 1002 1163 1089; x_wconf 90' lang='lat' dir='ltr'>plus</span> <span class='ocrx_word' id='word_1_44' title='bbox 1180 1005 1286 1090; x_wconf 79' lang='lat' dir='ltr'>sapere</span> 
     </span>
     <span class='ocr_line' id='line_1_6' title="bbox 216 1109 1286 1196; baseline 0 -23"><span class='ocrx_word' id='word_1_45' title='bbox 216 1123 375 1196; x_wconf 89' lang='lat' dir='ltr'>putantur,</span> <span class='ocrx_word' id='word_1_46' title='bbox 390 1124 574 1174; x_wconf 86' lang='lat' dir='ltr'>enervantes</span> <span class='ocrx_word' id='word_1_47' title='bbox 593 1109 790 1195; x_wconf 75' lang='lat' dir='ltr'>semetipsm,</span> <span class='ocrx_word' id='word_1_48' title='bbox 807 1129 899 1195; x_wconf 88' lang='lat' dir='ltr'>super</span> <span class='ocrx_word' id='word_1_49' title='bbox 917 1123 1030 1174; x_wconf 92' lang='lat' dir='ltr'>tonum</span> <span class='ocrx_word' id='word_1_50' title='bbox 1044 1109 1077 1161; x_wconf 81' lang='lat'>(¹)</span> <span class='ocrx_word' id='word_1_51' title='bbox 1096 1109 1286 1196; x_wconf 84' lang='lat' dir='ltr'>sagittantes,</span> 
     </span>
     <span class='ocr_line' id='line_1_7' title="bbox 217 1212 1287 1302; baseline 0.001 -22"><span class='ocrx_word' id='word_1_52' title='bbox 217 1230 305 1280; x_wconf 88' lang='lat' dir='ltr'>tanto</span> <span class='ocrx_word' id='word_1_53' title='bbox 329 1215 430 1301; x_wconf 89' lang='lat' dir='ltr'>magis</span> <span class='ocrx_word' id='word_1_54' title='bbox 453 1236 518 1279; x_wconf 92' lang='lat' dir='ltr'>non</span> <span class='ocrx_word' id='word_1_55' title='bbox 542 1215 674 1302; x_wconf 87' lang='lat' dir='ltr'>sapiunt.</span> <span class='ocrx_word' id='word_1_56' title='bbox 732 1214 846 1280; x_wconf 86' lang='lat' dir='ltr'>Exiens</span> <span class='ocrx_word' id='word_1_57' title='bbox 870 1215 954 1280; x_wconf 91' lang='lat' dir='ltr'>enim</span> <span class='ocrx_word' id='word_1_58' title='bbox 991 1212 1174 1281; x_wconf 92' lang='lat' dir='ltr'>immundus</span> <span class='ocrx_word' id='word_1_59' title='bbox 1198 1215 1287 1302; x_wconf 92' lang='lat' dir='ltr'>spiri-</span> 
     </span>
     <span class='ocr_line' id='line_1_8' title="bbox 217 1318 1288 1408; baseline 0 -22"><span class='ocrx_word' id='word_1_60' title='bbox 217 1337 268 1386; x_wconf 90' lang='lat' dir='ltr'>tus</span> <span class='ocrx_word' id='word_1_61' title='bbox 281 1320 315 1374; x_wconf 80' lang='lat'>(²)</span> <span class='ocrx_word' id='word_1_62' title='bbox 337 1321 540 1408; x_wconf 87' lang='lat' dir='ltr'>ignorantiae,</span> <span class='ocrx_word' id='word_1_63' title='bbox 564 1319 636 1386; x_wconf 92' lang='lat' dir='ltr'>dein</span> <span class='ocrx_word' id='word_1_64' title='bbox 659 1337 804 1386; x_wconf 88' lang='lat' dir='ltr'>vacantes</span> <span class='ocrx_word' id='word_1_65' title='bbox 828 1343 883 1386; x_wconf 91' lang='lat' dir='ltr'>eos</span> <span class='ocrx_word' id='word_1_66' title='bbox 918 1343 983 1387; x_wconf 92' lang='lat' dir='ltr'>non</span> <span class='ocrx_word' id='word_1_67' title='bbox 1012 1321 1092 1403; x_wconf 89' lang='lat' dir='ltr'>Deo,</span> <span class='ocrx_word' id='word_1_68' title='bbox 1117 1318 1170 1387; x_wconf 89' lang='lat' dir='ltr'>sed</span> <span class='ocrx_word' id='word_1_69' title='bbox 1195 1343 1288 1386; x_wconf 90' lang='lat' dir='ltr'>mun-</span> 
     </span>
     <span class='ocr_line' id='line_1_9' title="bbox 217 1424 1287 1516; baseline -0.002 -22"><span class='ocrx_word' id='word_1_70' title='bbox 217 1425 392 1494; x_wconf 83' lang='lat' dir='ltr'>dialibus&lt;³)</span> <span class='ocrx_word' id='word_1_71' title='bbox 413 1424 648 1516; x_wconf 86' lang='lat' dir='ltr'>quaestionibus</span> <span class='ocrx_word' id='word_1_72' title='bbox 679 1427 852 1508; x_wconf 87' lang='lat' dir='ltr'>inveniens,</span> <span class='ocrx_word' id='word_1_73' title='bbox 872 1449 1036 1493; x_wconf 91' lang='lat' dir='ltr'>assumens</span> <span class='ocrx_word' id='word_1_74' title='bbox 1061 1427 1137 1493; x_wconf 88' lang='lat' dir='ltr'>alios</span> <span class='ocrx_word' id='word_1_75' title='bbox 1161 1428 1287 1514; x_wconf 91' lang='lat' dir='ltr'>spiritus</span> 
     </span>
     <span class='ocr_line' id='line_1_10' title="bbox 218 1532 1288 1621; baseline -0.002 -22"><span class='ocrx_word' id='word_1_76' title='bbox 218 1549 338 1620; x_wconf 86' lang='lat' dir='ltr'>septem</span> <span class='ocrx_word' id='word_1_77' title='bbox 363 1534 529 1621; x_wconf 89' lang='lat' dir='ltr'>nequiores</span> <span class='ocrx_word' id='word_1_78' title='bbox 552 1533 732 1621; x_wconf 90' lang='lat' dir='ltr'>semetipso,</span> <span class='ocrx_word' id='word_1_79' title='bbox 756 1551 787 1600; x_wconf 87' lang='lat' dir='ltr'>et</span> <span class='ocrx_word' id='word_1_80' title='bbox 815 1532 970 1599; x_wconf 83' lang='lat' dir='ltr'>infatuans</span> <span class='ocrx_word' id='word_1_81' title='bbox 1005 1533 1133 1599; x_wconf 91' lang='lat' dir='ltr'>illorum</span> <span class='ocrx_word' id='word_1_82' title='bbox 1164 1551 1288 1600; x_wconf 89' lang='lat' dir='ltr'>senten-</span> 
     </span>
     <span class='ocr_line' id='line_1_11' title="bbox 218 1637 1287 1728; baseline 0 -24"><span class='ocrx_word' id='word_1_83' title='bbox 218 1641 306 1720; x_wconf 88' lang='lat' dir='ltr'>tiam,</span> <span class='ocrx_word' id='word_1_84' title='bbox 336 1639 423 1726; x_wconf 88' lang='lat' dir='ltr'>quasi</span> <span class='ocrx_word' id='word_1_85' title='bbox 448 1639 568 1726; x_wconf 90' lang='lat' dir='ltr'>possint</span> <span class='ocrx_word' id='word_1_86' title='bbox 591 1662 670 1728; x_wconf 89' lang='lat' dir='ltr'>quae</span> <span class='ocrx_word' id='word_1_87' title='bbox 694 1655 766 1704; x_wconf 92' lang='lat' dir='ltr'>sunt</span> <span class='ocrx_word' id='word_1_88' title='bbox 797 1661 889 1727; x_wconf 89' lang='lat' dir='ltr'>super</span> <span class='ocrx_word' id='word_1_89' title='bbox 913 1639 1019 1706; x_wconf 89' lang='lat' dir='ltr'>Deum</span> <span class='ocrx_word' id='word_1_90' title='bbox 1042 1637 1233 1719; x_wconf 86' lang='lat' dir='ltr'>adinvenire,</span> <span class='ocrx_word' id='word_1_91' title='bbox 1257 1656 1287 1704; x_wconf 90' lang='lat' dir='ltr'>et</span> 
     </span>
     <span class='ocr_line' id='line_1_12' title="bbox 218 1743 1288 1834; baseline -0.001 -23"><span class='ocrx_word' id='word_1_92' title='bbox 218 1743 391 1834; x_wconf 89' lang='lat' dir='ltr'>aptabiliter</span> <span class='ocrx_word' id='word_1_93' title='bbox 414 1746 445 1810; x_wconf 94' lang='lat' dir='ltr'>in</span> <span class='ocrx_word' id='word_1_94' title='bbox 465 1744 679 1811; x_wconf 87' lang='lat' dir='ltr'>exclusionem</span> <span class='ocrx_word' id='word_1_95' title='bbox 695 1746 917 1834; x_wconf 88' lang='lat' dir='ltr'>compositam,</span> <span class='ocrx_word' id='word_1_96' title='bbox 941 1744 1118 1833; x_wconf 87' lang='lat' dir='ltr'>ogdoadem</span> <span class='ocrx_word' id='word_1_97' title='bbox 1141 1746 1288 1832; x_wconf 86' lang='lat' dir='ltr'>ignoran-</span> 
     </span>
     <span class='ocr_line' id='line_1_13' title="bbox 217 1847 1103 1940; baseline 0 -24"><span class='ocrx_word' id='word_1_98' title='bbox 217 1852 278 1917; x_wconf 91' lang='lat' dir='ltr'>tiae</span> <span class='ocrx_word' id='word_1_99' title='bbox 301 1851 568 1938; x_wconf 85' lang='lat' dir='ltr'>nequissimorum</span> <span class='ocrx_word' id='word_1_100' title='bbox 588 1851 755 1940; x_wconf 89' lang='lat' dir='ltr'>spirituum</span> <span class='ocrx_word' id='word_1_101' title='bbox 779 1852 811 1916; x_wconf 92' lang='lat' dir='ltr'>in</span> <span class='ocrx_word' id='word_1_102' title='bbox 831 1873 887 1916; x_wconf 91' lang='lat' dir='ltr'>eos</span> <span class='ocrx_word' id='word_1_103' title='bbox 905 1847 1058 1938; x_wconf 90' lang='lat' dir='ltr'>deposuit.</span> <span class='ocrx_word' id='word_1_104' title='bbox 1070 1849 1103 1903; x_wconf 81' lang='lat'>(4)</span> 
     </span>
    </p>
   </div>
   <div class='ocr_carea' id='block_1_3' title="bbox 219 2061 1290 3303">
    <p class='ocr_par' dir='ltr' id='par_1_3' title="bbox 219 2061 1290 3303">
     <span class='ocr_line' id='line_1_14' title="bbox 219 2061 1288 2150; baseline 0.001 -23"><span class='ocrx_word' id='word_1_105' title='bbox 219 2066 330 2148; x_wconf 78' lang='lat' dir='ltr'>pirou.</span> <span class='ocrx_word' id='word_1_106' title='bbox 377 2064 531 2150; x_wconf 82' lang='grc' dir='ltr'>Καὺάπερ</span> <span class='ocrx_word' id='word_1_107' title='bbox 546 2065 573 2130; x_wconf 80' lang='lat' dir='ltr'>oi</span> <span class='ocrx_word' id='word_1_108' title='bbox 588 2067 631 2140; x_wconf 84' lang='grc' dir='ltr'>είς</span> <span class='ocrx_word' id='word_1_109' title='bbox 646 2065 795 2150; x_wconf 81' lang='grc' dir='ltr'>φρενίτιδα</span> <span class='ocrx_word' id='word_1_110' title='bbox 807 2065 943 2128; x_wconf 72' lang='grc' dir='ltr'>διάθεσιν</span> <span class='ocrx_word' id='word_1_111' title='bbox 959 2061 1151 2149; x_wconf 80' lang='grc' dir='ltr'><strong>ἐμπεσόντες,</strong></span> <span class='ocrx_word' id='word_1_112' title='bbox 1163 2065 1183 2148; x_wconf 75' lang='grc' dir='ltr'>η</span> <span class='ocrx_word' id='word_1_113' title='bbox 1195 2063 1288 2128; x_wconf 82' lang='grc' dir='ltr'>πλέον</span> 
     </span>
     <span class='ocr_line' id='line_1_15' title="bbox 220 2168 1287 2256; baseline -0.001 -22"><span class='ocrx_word' id='word_1_114' title='bbox 220 2170 344 2253; x_wconf 79' lang='grc' dir='ltr'>γελῶσι,</span> <span class='ocrx_word' id='word_1_115' title='bbox 363 2173 416 2234; x_wconf 79' lang='grc' dir='ltr'>καί</span> <span class='ocrx_word' id='word_1_116' title='bbox 439 2170 552 2256; x_wconf 78' lang='grc' dir='ltr'><strong>ἰσχύειν</strong></span> <span class='ocrx_word' id='word_1_117' title='bbox 574 2171 724 2252; x_wconf 76' lang='grc' dir='ltr'>δοκοῦσιν,</span> <span class='ocrx_word' id='word_1_118' title='bbox 743 2173 795 2234; x_wconf 80' lang='grc' dir='ltr'>καὶ</span> <span class='ocrx_word' id='word_1_119' title='bbox 818 2168 859 2246; x_wconf 60' lang='lat' dir='ltr'>oe</span> <span class='ocrx_word' id='word_1_120' title='bbox 877 2169 1059 2253; x_wconf 68' lang='grc' dir='ltr'>ὑγιαίνοντες</span> <span class='ocrx_word' id='word_1_121' title='bbox 1081 2169 1180 2234; x_wconf 75' lang='grc' dir='ltr'>πάντα</span> <span class='ocrx_word' id='word_1_122' title='bbox 1197 2169 1287 2255; x_wconf 81' lang='grc' dir='ltr'>πράτ·</span> 
     </span>
     <span class='ocr_line' id='line_1_16' title="bbox 219 2276 1286 2362; baseline -0.002 -21"><span class='ocrx_word' id='word_1_123' title='bbox 219 2299 329 2358; x_wconf 87' lang='grc' dir='ltr'>τουσιν,</span> <span class='ocrx_word' id='word_1_124' title='bbox 338 2280 402 2342; x_wconf 84' lang='grc' dir='ltr'>ἔνια</span> <span class='ocrx_word' id='word_1_125' title='bbox 412 2277 446 2340; x_wconf 82' lang='grc' dir='ltr'>δὲ</span> <span class='ocrx_word' id='word_1_126' title='bbox 457 2279 510 2342; x_wconf 78' lang='grc' dir='ltr'>καί</span> <span class='ocrx_word' id='word_1_127' title='bbox 520 2278 596 2361; x_wconf 84' lang='grc' dir='ltr'>ὑπὲρ</span> <span class='ocrx_word' id='word_1_128' title='bbox 604 2282 637 2341; x_wconf 74' lang='grc' dir='ltr'>τὸ</span> <span class='ocrx_word' id='word_1_129' title='bbox 645 2278 794 2362; x_wconf 79' lang='grc' dir='ltr'>ὑγιαίνειν,</span> <span class='ocrx_word' id='word_1_130' title='bbox 804 2276 897 2361; x_wconf 86' lang='grc' dir='ltr'>ταὺτη</span> <span class='ocrx_word' id='word_1_131' title='bbox 907 2277 1023 2361; x_wconf 74' lang='grc' dir='ltr'>μᾶλλον</span> <span class='ocrx_word' id='word_1_132' title='bbox 1035 2285 1137 2354; x_wconf 80' lang='grc' dir='ltr'>κακῶς</span> <span class='ocrx_word' id='word_1_133' title='bbox 1150 2277 1286 2362; x_wconf 81' lang='grc' dir='ltr'>ἔχουσιν·</span> 
     </span>
     <span class='ocr_line' id='line_1_17' title="bbox 220 2382 1287 2468; baseline -0.002 -20"><span class='ocrx_word' id='word_1_134' title='bbox 220 2385 328 2467; x_wconf 79' lang='grc' dir='ltr'>ίμιίως</span> <span class='ocrx_word' id='word_1_135' title='bbox 346 2385 379 2448; x_wconf 82' lang='grc' dir='ltr'>δὲ</span> <span class='ocrx_word' id='word_1_136' title='bbox 398 2386 451 2448; x_wconf 83' lang='grc' dir='ltr'>ναί</span> <span class='ocrx_word' id='word_1_137' title='bbox 466 2386 591 2467; x_wconf 76' lang='grc' dir='ltr'>οὑτοι,η</span> <span class='ocrx_word' id='word_1_138' title='bbox 609 2384 725 2467; x_wconf 82' lang='grc' dir='ltr'>μᾶλλον</span> <span class='ocrx_word' id='word_1_139' title='bbox 740 2384 932 2468; x_wconf 77' lang='grc' dir='ltr'>ὑπερφρονεῖν</span> <span class='ocrx_word' id='word_1_140' title='bbox 953 2382 1085 2465; x_wconf 67' lang='grc' dir='ltr'>δοκοῦσι,</span> <span class='ocrx_word' id='word_1_141' title='bbox 1109 2385 1162 2447; x_wconf 79' lang='grc' dir='ltr'>καί</span> <span class='ocrx_word' id='word_1_142' title='bbox 1184 2385 1287 2448; x_wconf 78' lang='grc' dir='ltr'>ἐκνευ-</span> 
     </span>
     <span class='ocr_line' id='line_1_18' title="bbox 220 2487 1288 2575; baseline 0 -22"><span class='ocrx_word' id='word_1_143' title='bbox 220 2493 348 2575; x_wconf 74' lang='grc' dir='ltr'>ριζουαιν</span> <span class='ocrx_word' id='word_1_144' title='bbox 366 2490 490 2568; x_wconf 78' lang='grc' dir='ltr'>ἑαυτοὺς</span> <span class='ocrx_word' id='word_1_145' title='bbox 508 2489 656 2574; x_wconf 77' lang='grc' dir='ltr'>ὑπέρτονον</span> <span class='ocrx_word' id='word_1_146' title='bbox 673 2487 852 2571; x_wconf 76' lang='grc' dir='ltr'>τοξεύοντες,</span> <span class='ocrx_word' id='word_1_147' title='bbox 871 2488 964 2573; x_wconf 73' lang='grc' dir='ltr'>ταύτῃ</span> <span class='ocrx_word' id='word_1_148' title='bbox 984 2489 1099 2574; x_wconf 86' lang='grc' dir='ltr'>μᾶλλον</span> <span class='ocrx_word' id='word_1_149' title='bbox 1118 2491 1153 2553; x_wconf 86' lang='grc' dir='ltr'>οὐ</span> <span class='ocrx_word' id='word_1_150' title='bbox 1171 2509 1288 2574; x_wconf 64' lang='lat' dir='ltr'>cuppa</span> 
     </span>
     <span class='ocr_line' id='line_1_19' title="bbox 220 2595 1289 2683; baseline 0 -23"><span class='ocrx_word' id='word_1_151' title='bbox 220 2609 329 2662; x_wconf 82' lang='grc' dir='ltr'>νοῡπν.</span> <span class='ocrx_word' id='word_1_152' title='bbox 377 2595 526 2675; x_wconf 76' lang='grc' dir='ltr'>Ἐξελὺὑν</span> <span class='ocrx_word' id='word_1_153' title='bbox 539 2600 598 2683; x_wconf 85' lang='grc' dir='ltr'>γὰρ</span> <span class='ocrx_word' id='word_1_154' title='bbox 613 2600 647 2661; x_wconf 83' lang='grc' dir='ltr'>τὸ</span> <span class='ocrx_word' id='word_1_155' title='bbox 660 2596 836 2682; x_wconf 70' lang='grc' dir='ltr'>ἀκάθαρτον</span> <span class='ocrx_word' id='word_1_156' title='bbox 848 2605 965 2680; x_wconf 82' lang='grc' dir='ltr'>πνεῦμα</span> <span class='ocrx_word' id='word_1_157' title='bbox 982 2606 1035 2680; x_wconf 81' lang='grc' dir='ltr'>της</span> <span class='ocrx_word' id='word_1_158' title='bbox 1054 2596 1164 2677; x_wconf 81' lang='grc' dir='ltr'>ἀνοίας,</span> <span class='ocrx_word' id='word_1_159' title='bbox 1185 2597 1289 2660; x_wconf 75' lang='grc' dir='ltr'>ἔπειτα</span> 
     </span>
     <span class='ocr_line' id='line_1_20' title="bbox 221 2703 1288 2788; baseline 0.002 -22"><span class='ocrx_word' id='word_1_160' title='bbox 221 2704 427 2788; x_wconf 69' lang='grc' dir='ltr'>σχολάζοντας</span> <span class='ocrx_word' id='word_1_161' title='bbox 450 2707 555 2781; x_wconf 76' lang='grc' dir='ltr'>αὐτοὺς</span> <span class='ocrx_word' id='word_1_162' title='bbox 578 2707 614 2768; x_wconf 91' lang='grc' dir='ltr'>οὑ</span> <span class='ocrx_word' id='word_1_163' title='bbox 637 2703 718 2788; x_wconf 84' lang='grc' dir='ltr'>Θεῷ,</span> <span class='ocrx_word' id='word_1_164' title='bbox 737 2703 818 2767; x_wconf 78' lang='grc' dir='ltr'><strong>ἀλλὰ</strong></span> <span class='ocrx_word' id='word_1_165' title='bbox 835 2713 996 2788; x_wconf 77' lang='grc' dir='ltr'>κωμικαῖς</span> <span class='ocrx_word' id='word_1_166' title='bbox 1014 2703 1172 2788; x_wconf 75' lang='grc' dir='ltr'>ζητήσεσιν</span> <span class='ocrx_word' id='word_1_167' title='bbox 1192 2704 1288 2787; x_wconf 85' lang='grc' dir='ltr'>εὑρὺν,</span> 
     </span>
     <span class='ocr_line' id='line_1_21' title="bbox 221 2810 1290 2897; baseline -0.001 -23"><span class='ocrx_word' id='word_1_168' title='bbox 221 2811 474 2897; x_wconf 80' lang='grc' dir='ltr'>προσπαραλαβὺν</span> <span class='ocrx_word' id='word_1_169' title='bbox 495 2812 583 2896; x_wconf 81' lang='grc' dir='ltr'>ἕτερα</span> <span class='ocrx_word' id='word_1_170' title='bbox 605 2810 761 2896; x_wconf 84' lang='grc' dir='ltr'>πνεύματα</span> <span class='ocrx_word' id='word_1_171' title='bbox 784 2811 861 2875; x_wconf 74' lang='grc' dir='ltr'>ἑπτὰ</span> <span class='ocrx_word' id='word_1_172' title='bbox 884 2811 1069 2895; x_wconf 70' lang='grc' dir='ltr'>πονηρότερα</span> <span class='ocrx_word' id='word_1_173' title='bbox 1096 2811 1214 2892; x_wconf 79' lang='grc' dir='ltr'>ἑαυτοῦ,</span> <span class='ocrx_word' id='word_1_174' title='bbox 1238 2813 1290 2873; x_wconf 81' lang='grc' dir='ltr'>καὶ</span> 
     </span>
     <span class='ocr_line' id='line_1_22' title="bbox 221 2915 1290 3003; baseline 0 -22"><span class='ocrx_word' id='word_1_175' title='bbox 221 2927 382 3001; x_wconf 85' lang='grc' dir='ltr'>χαυνῶσαν</span> <span class='ocrx_word' id='word_1_176' title='bbox 405 2919 502 2982; x_wconf 82' lang='grc' dir='ltr'>αὐτῶν</span> <span class='ocrx_word' id='word_1_177' title='bbox 520 2921 573 3002; x_wconf 80' lang='grc' dir='ltr'>την</span> <span class='ocrx_word' id='word_1_178' title='bbox 592 2915 723 3003; x_wconf 81' lang='grc' dir='ltr'>γνώμην,</span> <span class='ocrx_word' id='word_1_179' title='bbox 742 2917 782 2994; x_wconf 85' lang='grc' dir='ltr'>ὡς</span> <span class='ocrx_word' id='word_1_180' title='bbox 805 2917 975 3002; x_wconf 78' lang='grc' dir='ltr'>δυναμένων</span> <span class='ocrx_word' id='word_1_181' title='bbox 993 2920 1031 2980; x_wconf 80' lang='grc' dir='ltr'>τὰ</span> <span class='ocrx_word' id='word_1_182' title='bbox 1049 2917 1124 3002; x_wconf 84' lang='grc' dir='ltr'>ὑπὲρ</span> <span class='ocrx_word' id='word_1_183' title='bbox 1142 2921 1192 2981; x_wconf 83' lang='grc' dir='ltr'>τὸν</span> <span class='ocrx_word' id='word_1_184' title='bbox 1211 2915 1290 2983; x_wconf 80' lang='grc' dir='ltr'>Θεὸν</span> 
     </span>
     <span class='ocr_line' id='line_1_23' title="bbox 222 3023 1288 3110; baseline 0.004 -24"><span class='ocrx_word' id='word_1_185' title='bbox 222 3025 341 3106; x_wconf 83' lang='grc' dir='ltr'>ἐννοεῖν,</span> <span class='ocrx_word' id='word_1_186' title='bbox 364 3026 416 3088; x_wconf 82' lang='grc' dir='ltr'>καὶ</span> <span class='ocrx_word' id='word_1_187' title='bbox 447 3024 613 3110; x_wconf 69' lang='grc' dir='ltr'>ἐπιτήδειον</span> <span class='ocrx_word' id='word_1_188' title='bbox 635 3025 677 3102; x_wconf 84' lang='grc' dir='ltr'>είς</span> <span class='ocrx_word' id='word_1_189' title='bbox 699 3023 935 3110; x_wconf 80' lang='grc' dir='ltr'>ὑπερὲκκρουοιν</span> <span class='ocrx_word' id='word_1_190' title='bbox 965 3026 1210 3107; x_wconf 72' lang='grc' dir='ltr'>κατασκευάσαν,</span> <span class='ocrx_word' id='word_1_191' title='bbox 1234 3028 1288 3109; x_wconf 86' lang='grc' dir='ltr'>τὴν</span> 
     </span>
     <span class='ocr_line' id='line_1_24' title="bbox 222 3131 1289 3217; baseline 0.002 -23"><span class='ocrx_word' id='word_1_192' title='bbox 222 3131 354 3216; x_wconf 81' lang='grc' dir='ltr'>ὑγδοίιδα</span> <span class='ocrx_word' id='word_1_193' title='bbox 375 3141 429 3216; x_wconf 82' lang='grc' dir='ltr'>της</span> <span class='ocrx_word' id='word_1_194' title='bbox 451 3133 552 3208; x_wconf 67' lang='grc' dir='ltr'>ἀνοίας</span> <span class='ocrx_word' id='word_1_195' title='bbox 569 3141 627 3196; x_wconf 81' lang='grc' dir='ltr'>τῶν</span> <span class='ocrx_word' id='word_1_196' title='bbox 646 3141 782 3217; x_wconf 82' lang='grc' dir='ltr'>πονηρῶν</span> <span class='ocrx_word' id='word_1_197' title='bbox 799 3131 975 3217; x_wconf 71' lang='grc' dir='ltr'>πνευμάτων</span> <span class='ocrx_word' id='word_1_198' title='bbox 993 3134 1035 3209; x_wconf 78' lang='grc' dir='ltr'>εἰς</span> <span class='ocrx_word' id='word_1_199' title='bbox 1054 3135 1160 3208; x_wconf 78' lang='grc' dir='ltr'>αὐτοὺς</span> <span class='ocrx_word' id='word_1_200' title='bbox 1179 3133 1289 3216; x_wconf 77' lang='grc' dir='ltr'>ἐνεθη-</span> 
     </span>
     <span class='ocr_line' id='line_1_25' title="bbox 221 3259 329 3303; baseline 0 -1"><span class='ocrx_word' id='word_1_201' title='bbox 221 3259 329 3303; x_wconf 82' lang='grc' dir='ltr'>πωσεν.</span> 
     </span>
    </p>
   </div>
   <div class='ocr_carea' id='block_1_4' title="bbox 222 3455 1292 4286">
    <p class='ocr_par' dir='ltr' id='par_1_4' title="bbox 224 3455 1290 3608">
     <span class='ocr_line' id='line_1_26' title="bbox 259 3455 1290 3527; baseline -0.001 -18"><span class='ocrx_word' id='word_1_202' title='bbox 259 3457 301 3523; x_wconf 86' lang='grc' dir='ltr'>(ι)</span> <span class='ocrx_word' id='word_1_203' title='bbox 313 3455 364 3509; x_wconf 84' lang='lat' dir='ltr'>Sel.</span> <span class='ocrx_word' id='word_1_204' title='bbox 379 3457 524 3527; x_wconf 89' lang='lat' dir='ltr'>plusquam</span> <span class='ocrx_word' id='word_1_205' title='bbox 538 3472 650 3508; x_wconf 90' lang='lat' dir='ltr'>nervum</span> <span class='ocrx_word' id='word_1_206' title='bbox 666 3472 729 3508; x_wconf 93' lang='lat' dir='ltr'>con·</span> <span class='ocrx_word' id='word_1_207' title='bbox 783 3455 874 3526; x_wconf 88' lang='lat' dir='ltr'>quenti</span> <span class='ocrx_word' id='word_1_208' title='bbox 889 3455 975 3507; x_wconf 89' lang='lat' dir='ltr'>adhuc</span> <span class='ocrx_word' id='word_1_209' title='bbox 994 3457 1101 3526; x_wconf 88' lang='lat' dir='ltr'>magis),</span> <span class='ocrx_word' id='word_1_210' title='bbox 1120 3457 1148 3508; x_wconf 89' lang='lat' dir='ltr'>in</span> <span class='ocrx_word' id='word_1_211' title='bbox 1167 3467 1290 3509; x_wconf 87' lang='lat' dir='ltr'>naturam</span> 
     </span>
     <span class='ocr_line' id='line_1_27' title="bbox 224 3538 1290 3608; baseline -0.001 -15"><span class='ocrx_word' id='word_1_212' title='bbox 224 3540 329 3594; x_wconf 87' lang='lat' dir='ltr'>sentiat.</span> <span class='ocrx_word' id='word_1_213' title='bbox 785 3555 870 3591; x_wconf 90' lang='lat' dir='ltr'>rerum</span> <span class='ocrx_word' id='word_1_214' title='bbox 882 3538 1105 3608; x_wconf 90' lang='lat' dir='ltr'>perscrutandam.</span> <span class='ocrx_word' id='word_1_215' title='bbox 1137 3539 1175 3604; x_wconf 87' lang='lat' dir='ltr'>id,</span> <span class='ocrx_word' id='word_1_216' title='bbox 1185 3551 1213 3592; x_wconf 93' lang='lat' dir='ltr'>ut</span> <span class='ocrx_word' id='word_1_217' title='bbox 1224 3539 1290 3592; x_wconf 87' lang='lat' dir='ltr'>dixi-</span> 
     </span>
    </p>

    <p class='ocr_par' dir='ltr' id='par_1_5' title="bbox 222 3623 1291 3949">
     <span class='ocr_line' id='line_1_28' title="bbox 260 3623 1289 3695; baseline 0 -19"><span class='ocrx_word' id='word_1_218' title='bbox 260 3623 729 3695; x_wconf 80' lang='lat' dir='ltr'>(2)Elegans·paraphrasisinMar·</span> <span class='ocrx_word' id='word_1_219' title='bbox 784 3639 851 3688; x_wconf 90' lang='lat' dir='ltr'>mus,</span> <span class='ocrx_word' id='word_1_220' title='bbox 870 3623 902 3675; x_wconf 90' lang='lat' dir='ltr'>ad</span> <span class='ocrx_word' id='word_1_221' title='bbox 921 3623 1037 3692; x_wconf 84' lang='lat' dir='ltr'>origines</span> <span class='ocrx_word' id='word_1_222' title='bbox 1061 3623 1227 3694; x_wconf 86' lang='lat' dir='ltr'>gnosticismi</span> <span class='ocrx_word' id='word_1_223' title='bbox 1246 3640 1289 3676; x_wconf 88' lang='lat' dir='ltr'>co-</span> 
     </span>
     <span class='ocr_line' id='line_1_29' title="bbox 222 3705 1289 3780; baseline -0.003 -20"><span class='ocrx_word' id='word_1_224' title='bbox 222 3723 268 3762; x_wconf 81' lang='grc' dir='ltr'>τιι.</span> <span class='ocrx_word' id='word_1_225' title='bbox 277 3707 685 3780; x_wconf 83' lang='lat' dir='ltr'>Xll,43quaeetiamutparodia</span> <span class='ocrx_word' id='word_1_226' title='bbox 693 3708 730 3761; x_wconf 87' lang='lat' dir='ltr'>in·</span> <span class='ocrx_word' id='word_1_227' title='bbox 783 3705 948 3776; x_wconf 87' lang='lat' dir='ltr'>gnoscendas</span> <span class='ocrx_word' id='word_1_228' title='bbox 963 3705 1080 3758; x_wconf 86' lang='lat' dir='ltr'>maxime</span> <span class='ocrx_word' id='word_1_229' title='bbox 1099 3705 1289 3759; x_wconf 90' lang='lat' dir='ltr'>attendendum</span> 
     </span>
     <span class='ocr_line' id='line_1_30' title="bbox 222 3789 1227 3864; baseline -0.004 -18"><span class='ocrx_word' id='word_1_230' title='bbox 222 3793 441 3864; x_wconf 88' lang='lat' dir='ltr'>terpretationum</span> <span class='ocrx_word' id='word_1_231' title='bbox 457 3793 635 3864; x_wconf 87' lang='lat' dir='ltr'>gnosticarum</span> <span class='ocrx_word' id='word_1_232' title='bbox 656 3793 728 3847; x_wconf 84' lang='lat' dir='ltr'>exhi·</span> <span class='ocrx_word' id='word_1_233' title='bbox 782 3803 830 3843; x_wconf 90' lang='lat' dir='ltr'>est.</span> <span class='ocrx_word' id='word_1_234' title='bbox 867 3789 921 3842; x_wconf 90' lang='lat' dir='ltr'>Csr.</span> <span class='ocrx_word' id='word_1_235' title='bbox 941 3803 966 3843; x_wconf 85' lang='lat' dir='ltr'>et</span> <span class='ocrx_word' id='word_1_236' title='bbox 986 3790 1098 3842; x_wconf 70' lang='lat' dir='ltr'>Honor.</span> <span class='ocrx_word' id='word_1_237' title='bbox 1118 3791 1151 3842; x_wconf 88' lang='lat' dir='ltr'>ab</span> <span class='ocrx_word' id='word_1_238' title='bbox 1170 3789 1227 3843; x_wconf 88' lang='lat' dir='ltr'>init.</span> 
     </span>
     <span class='ocr_line' id='line_1_31' title="bbox 223 3874 1291 3949; baseline -0.005 -18"><span class='ocrx_word' id='word_1_239' title='bbox 223 3877 298 3931; x_wconf 84' lang='lat' dir='ltr'>betur</span> <span class='ocrx_word' id='word_1_240' title='bbox 309 3878 338 3930; x_wconf 89' lang='lat' dir='ltr'>in</span> <span class='ocrx_word' id='word_1_241' title='bbox 350 3877 479 3949; x_wconf 85' lang='lat' dir='ltr'>ogdoadis</span> <span class='ocrx_word' id='word_1_242' title='bbox 492 3888 687 3948; x_wconf 86' lang='lat' dir='ltr'>argumentum.</span> <span class='ocrx_word' id='word_1_243' title='bbox 820 3879 859 3940; x_wconf 83' lang='lat'>(4)</span> <span class='ocrx_word' id='word_1_244' title='bbox 878 3875 929 3927; x_wconf 88' lang='lat' dir='ltr'>Scl.</span> <span class='ocrx_word' id='word_1_245' title='bbox 949 3875 1055 3944; x_wconf 89' lang='lat' dir='ltr'>spiritus</span> <span class='ocrx_word' id='word_1_246' title='bbox 1075 3874 1160 3926; x_wconf 85' lang='lat' dir='ltr'>malus</span> <span class='ocrx_word' id='word_1_247' title='bbox 1177 3874 1291 3927; x_wconf 87' lang='lat' dir='ltr'>intume-</span> 
     </span>
    </p>

    <p class='ocr_par' dir='ltr' id='par_1_6' title="bbox 223 3958 1292 4286">
     <span class='ocr_line' id='line_1_32' title="bbox 259 3958 1292 4030; baseline -0.003 -17"><span class='ocrx_word' id='word_1_248' title='bbox 259 3963 301 4029; x_wconf 84' lang='lat'>(3)</span> <span class='ocrx_word' id='word_1_249' title='bbox 320 3960 339 4013; x_wconf 94' lang='lat'>1.</span> <span class='ocrx_word' id='word_1_250' title='bbox 353 3979 376 4015; x_wconf 91' lang='lat' dir='ltr'>e.</span> <span class='ocrx_word' id='word_1_251' title='bbox 393 3961 591 4015; x_wconf 74' lang='lat' dir='ltr'>«saecularibus</span> <span class='ocrx_word' id='word_1_252' title='bbox 601 3982 626 4012; x_wconf 82' lang='lat' dir='ltr'>n.</span> <span class='ocrx_word' id='word_1_253' title='bbox 665 3961 729 4016; x_wconf 83' lang='lat' dir='ltr'>Fue·</span> <span class='ocrx_word' id='word_1_254' title='bbox 783 3958 844 4013; x_wconf 84' lang='lat' dir='ltr'>facit</span> <span class='ocrx_word' id='word_1_255' title='bbox 873 3961 993 4030; x_wconf 88' lang='lat' dir='ltr'>superbia</span> <span class='ocrx_word' id='word_1_256' title='bbox 1023 3960 1130 4012; x_wconf 86' lang='lat' dir='ltr'>illorum</span> <span class='ocrx_word' id='word_1_257' title='bbox 1161 3970 1292 4021; x_wconf 89' lang='lat' dir='ltr'>mentem,</span> 
     </span>
     <span class='ocr_line' id='line_1_33' title="bbox 224 4041 1291 4118; baseline -0.007 -18"><span class='ocrx_word' id='word_1_258' title='bbox 224 4046 276 4100; x_wconf 89' lang='lat' dir='ltr'>rint</span> <span class='ocrx_word' id='word_1_259' title='bbox 294 4046 359 4100; x_wconf 88' lang='lat' dir='ltr'>haec</span> <span class='ocrx_word' id='word_1_260' title='bbox 372 4046 457 4100; x_wconf 90' lang='lat' dir='ltr'>studia</span> <span class='ocrx_word' id='word_1_261' title='bbox 471 4045 498 4098; x_wconf 93' lang='lat' dir='ltr'>in</span> <span class='ocrx_word' id='word_1_262' title='bbox 512 4045 728 4115; x_wconf 88' lang='lat' dir='ltr'>philosophorum</span> <span class='ocrx_word' id='word_1_263' title='bbox 783 4045 902 4114; x_wconf 88' lang='lat' dir='ltr'>hancque</span> <span class='ocrx_word' id='word_1_264' title='bbox 918 4041 1091 4097; x_wconf 78' lang='lat' dir='ltr'>tumefactum</span> <span class='ocrx_word' id='word_1_265' title='bbox 1110 4054 1135 4095; x_wconf 91' lang='lat' dir='ltr'>et</span> <span class='ocrx_word' id='word_1_266' title='bbox 1154 4041 1187 4094; x_wconf 91' lang='lat' dir='ltr'>ad</span> <span class='ocrx_word' id='word_1_267' title='bbox 1202 4041 1291 4118; x_wconf 83' lang='lat' dir='ltr'>exclu-</span> 
     </span>
     <span class='ocr_line' id='line_1_34' title="bbox 223 4125 1290 4200; baseline -0.006 -18"><span class='ocrx_word' id='word_1_268' title='bbox 223 4147 303 4200; x_wconf 88' lang='lat' dir='ltr'>opera</span> <span class='ocrx_word' id='word_1_269' title='bbox 321 4130 450 4200; x_wconf 89' lang='lat' dir='ltr'>impensa,</span> <span class='ocrx_word' id='word_1_270' title='bbox 468 4130 510 4183; x_wconf 80' lang='lat' dir='ltr'>vel</span> <span class='ocrx_word' id='word_1_271' title='bbox 526 4130 616 4193; x_wconf 87' lang='lat' dir='ltr'>etiam,</span> <span class='ocrx_word' id='word_1_272' title='bbox 632 4141 659 4182; x_wconf 91' lang='lat' dir='ltr'>ut</span> <span class='ocrx_word' id='word_1_273' title='bbox 676 4129 728 4182; x_wconf 86' lang='lat' dir='ltr'>iam</span> <span class='ocrx_word' id='word_1_274' title='bbox 783 4127 1075 4196; x_wconf 83' lang='lat' dir='ltr'>sionen1(emissionem</span> <span class='ocrx_word' id='word_1_275' title='bbox 1087 4127 1196 4195; x_wconf 87' lang='lat' dir='ltr'>nempe)</span> <span class='ocrx_word' id='word_1_276' title='bbox 1205 4125 1290 4195; x_wconf 85' lang='lat' dir='ltr'>proxi·</span> 
     </span>
     <span class='ocr_line' id='line_1_35' title="bbox 224 4207 1291 4286; baseline -0.007 -19"><span class='ocrx_word' id='word_1_277' title='bbox 224 4215 256 4267; x_wconf 89' lang='lat' dir='ltr'>de</span> <span class='ocrx_word' id='word_1_278' title='bbox 276 4214 366 4268; x_wconf 87' lang='lat' dir='ltr'>Marco</span> <span class='ocrx_word' id='word_1_279' title='bbox 393 4215 474 4286; x_wconf 87' lang='lat' dir='ltr'>liquet</span> <span class='ocrx_word' id='word_1_280' title='bbox 496 4217 585 4282; x_wconf 84' lang='lat' dir='ltr'>(etex</span> <span class='ocrx_word' id='word_1_281' title='bbox 605 4231 661 4284; x_wconf 87' lang='lat' dir='ltr'>cap.</span> <span class='ocrx_word' id='word_1_282' title='bbox 688 4230 728 4266; x_wconf 89' lang='lat' dir='ltr'>se·</span> <span class='ocrx_word' id='word_1_283' title='bbox 784 4211 1012 4276; x_wconf 86' lang='lat' dir='ltr'>mam,soecundat</span> <span class='ocrx_word' id='word_1_284' title='bbox 1024 4210 1141 4262; x_wconf 87' lang='lat' dir='ltr'>immissa</span> <span class='ocrx_word' id='word_1_285' title='bbox 1152 4207 1291 4279; x_wconf 87' lang='lat' dir='ltr'>Ogdoade.</span> 
     </span>
    </p>
   </div>
   <div class='ocr_carea' id='block_1_5' title="bbox 0 0 1660 5060">
    <p class='ocr_par' dir='ltr' id='par_1_7' title="bbox 0 0 1660 5060">
     <span class='ocr_line' id='line_1_36' title="bbox 0 0 1660 5060; baseline 0 0"><span class='ocrx_word' id='word_1_286' title='bbox 0 0 1660 5060; x_wconf 95' lang='lat' dir='ltr'> </span> 
     </span>
    </p>
   </div>
  </div>
 </body>
</html>
