3274 5100
349 409 411 494 358

637 429 764 474 lRENAEl
788 427 948 475 ADVERSUS
971 428 1127 474 HAERESES
1178 426 1416 496 [Xlll,10-Xll',1

346 623 515 690 emissione
527 623 560 676 (¹)
583 622 732 688 Hominis
755 639 786 689 et
809 621 976 702 Ecclesiae,
996 621 1054 708 ipsi
1079 638 1181 708 patres
1201 643 1314 688 eorum
1338 621 1420 688 lalso

346 730 564 817 cognominati
583 729 738 810 Gnostici,
758 745 898 817 pugnant
921 729 1071 796 adversus
1095 728 1244 809 invicem,
1266 752 1321 794 sua
1346 751 1421 817 pro-

347 839 413 926 pria
435 835 639 917 vindicantes,
663 853 693 902 et
722 836 823 902 malos
856 835 940 902 fures
973 835 1160 923 semetipsos
1183 836 1420 916 convincentes

348 943 477 1032 aptabile
508 965 577 1010 esse
607 944 708 1030 magis
737 942 902 1008 emissioni
923 939 1074 1022 dicenteS,
1097 942 1143 1008 uti
1175 941 1357 1021 verisimile,
1381 965 1419 1007 ex

349 1051 488 1116 Homine
507 1046 662 1131 Verbum,
678 1047 732 1116 sed
751 1071 816 1115 non
836 1071 873 1114 ex
892 1045 1000 1114 Verbo
1016 1048 1190 1114 Hominem
1206 1047 1420 1114 emissum:(²)

349 1173 380 1222 et
403 1179 471 1222 esse
494 1156 668 1222 Hominem
691 1152 799 1221 Verbo
822 1156 1023 1234 anteriorem,
1047 1171 1078 1220 et
1101 1153 1183 1220 hunc
1207 1176 1276 1220 esse
1295 1155 1348 1242 qui
1371 1171 1420 1220 est

350 1285 442 1350 super
462 1263 569 1329 omnia
590 1263 687 1328 Deus.
734 1261 773 1328 Et
791 1285 890 1350 usque
908 1261 970 1327 hoc
988 1259 1127 1348 quidem,
1147 1258 1418 1347 quemadmodum

349 1367 569 1459 praediximus,
586 1391 697 1435 omnes
716 1369 884 1435 hominum
900 1367 1093 1449 affectiones,
1108 1385 1140 1434 et
1155 1369 1314 1434 motiones
1328 1391 1419 1434 men-

349 1476 400 1558 tis,
423 1493 453 1542 et
483 1475 698 1563 generationes
729 1475 952 1554 intentionum,
975 1492 1006 1540 et
1029 1475 1216 1540 emissiones
1247 1471 1419 1540 verborum

348 1582 550 1649 coniicientes
577 1581 799 1661 verisimiliter,
829 1603 894 1647 non
918 1581 1176 1646 verisimiliterssl
1198 1581 1323 1648 mentiti
1346 1597 1419 1646 sunt

349 1686 497 1755 adversus
512 1689 628 1754 Deum.
675 1687 719 1753 Ea
732 1688 816 1753 enim
830 1709 908 1774 quae
921 1685 1064 1754 accidunt
1077 1686 1269 1768 hominibuS,
1281 1704 1312 1753 et
1324 1711 1420 1776 quae-

349 1816 484 1881 cumque
496 1794 647 1880 patientes
662 1793 722 1880 ipsi
739 1808 979 1880 recognoscunt,
992 1790 1031 1859 ad
1042 1791 1182 1858 divinam
1198 1793 1352 1858 rationem
1365 1791 1419 1860 ad-

347 1896 507 1979 ducentes,
523 1914 592 1985 apta
607 1895 709 1964 dicere
729 1897 874 1964 videntur
893 1897 973 1984 apud
992 1897 1117 1985 eosqui
1136 1899 1282 1984 ignorant
1301 1899 1419 1980 Deum,

349 2021 380 2072 et
397 2004 620 2094 perhumanus
639 2004 694 2071 has
713 2006 874 2092 passiones
893 2001 1127 2070 transducentes
1146 2027 1259 2070 eorum
1278 2027 1419 2087 sensum,

347 2115 477 2201 genesin
496 2133 526 2180 et
549 2111 700 2200 probolen
718 2113 829 2200 quinto
847 2112 919 2178 loco
938 2111 1046 2178 Verbo
1065 2112 1125 2178 Dei
1148 2129 1337 2192 enarrantes,
1357 2114 1420 2178 mi-

348 2218 455 2286 rabilia
479 2220 628 2306 mysteria
648 2235 677 2284 et
696 2217 912 2285 inenarrabilia
930 2235 961 2285 et
980 2218 1049 2299 alta,
1069 2242 1086 2285 a
1105 2219 1193 2286 nullo
1211 2220 1273 2287 alio
1293 2221 1419 2308 cognita

347 2324 455 2392 dicunt
478 2349 511 2392 se
534 2325 657 2406 docere,
681 2323 719 2392 de
742 2324 854 2414 quibus
878 2343 907 2392 et
930 2323 1041 2392 dixerit
1071 2327 1249 2394 Dominus:
1279 2353 1294 2390 u
1310 2327 1420 2408 Quae-

351 2459 367 2496 «
382 2434 441 2498 rite
457 2448 487 2498 et
503 2433 668 2498 invenietis
684 2431 752 2510 »‚(⁴)
771 2447 804 2497 ut
819 2449 968 2519 quaerant
987 2433 1115 2514 scilicet,
1131 2431 1240 2521 quide
1256 2433 1371 2520 Bytho,
1388 2449 1419 2498 et

349 2540 433 2627 Sige,
445 2539 515 2606 Nus
528 2555 558 2604 et
570 2538 693 2604 Aletlria
711 2555 943 2626 processerunt:
959 2540 985 2604 si
999 2555 1071 2606 sunt
1083 2563 1120 2605 ex
1133 2541 1178 2606 eis
1191 2563 1297 2606 rursus
1309 2539 1419 2627 Logos

349 2665 380 2714 et
399 2648 477 2727 Zoe;
496 2645 609 2712 dehinc
629 2669 666 2710 ex
687 2645 776 2732 Logo
795 2662 825 2710 et
845 2647 919 2728 Zoe,
938 2645 1121 2733 Anthropos
1140 2662 1171 2712 et
1191 2647 1339 2727 Ecclesia,

416 2842 495 2908 Cur.
512 2840 601 2924 XlV,
626 2861 653 2905 r.
700 2839 806 2929 [WH.
833 2839 864 2904 X
871 2839 977 2929 Vlup
1023 2841 1317 2925 (basmonum)
1332 2861 1420 2914 Quo-

348 2968 444 3014 uooo
467 2967 599 3014 sanium
627 2966 832 3012 ttsnrsmurus
863 2967 905 3012 oe
938 2966 1164 3014 umvxnsonuu
1188 2969 1419 3018 oenenxrroxs

385 3143 427 3212 (1)
446 3143 535 3196 Homo
553 3155 579 3196 et
598 3142 713 3196 Ecclesia
728 3155 787 3194 sunt
800 3141 856 3212 qui·

349 3229 409 3282 dem
429 3229 527 3281 directe
546 3245 561 3280 a
582 3227 656 3297 Logo
681 3239 706 3280 et
731 3227 791 3290 Zoe,
811 3226 856 3279 sed

349 3313 466 3366 secundo
499 3313 559 3364 loco
592 3323 651 3381 post
684 3311 856 3364 emissionem

348 3399 423 3451 Nous
443 3409 468 3450 et
488 3397 611 3450 Aletheia
632 3395 782 3465 [anverl

385 3483 427 3550 (2)
438 3481 491 3534 Cfr.
503 3481 581 3546 l,>t11,
596 3495 606 3549 3
620 3481 667 3534 sub
677 3480 734 3533 init.
744 3483 781 3550 (p.
793 3478 855 3547 168)

348 3567 437 3621 collat.
452 3584 513 3619 cum
526 3566 540 3634 5
554 3580 570 3630 4
584 3565 628 3618 fin.
642 3577 667 3618 et
681 3579 749 3628 xxx,
765 3580 786 3617 r.

383 3653 425 3718 (ς)
445 3653 609 3713 πιθανῶς...
628 3651 766 3713 ἀπιθάνως
788 3661 815 3702 ut
836 3648 855 3714 l,

347 3734 427 3806 prael.
447 3751 473 3800 1;
495 3735 540 3788 csr.
560 3733 627 3786 insra
647 3753 671 3805 p.
688 3748 746 3802 370,
760 3745 816 3786 not.
833 3749 854 3801 3.

382 3822 425 3887 (4)
443 3820 555 3872 Murrn.
571 3818 631 3884 Vll,
645 3834 668 3888 7.
706 3817 759 3872 Csr.
776 3816 809 3882 V,
827 3834 854 3888 3;

345 3904 444 3970 XVlll,
464 3904 488 3958 6.
526 3903 581 3970 Qui
593 3904 744 3974 proximum
757 3921 812 3956 non
827 3915 854 3956 ut

346 3990 453 4059 elegans
472 3992 516 4060 qul
537 3989 655 4051 (adverb.
675 4005 723 4058 pro
744 4005 793 4057 pua
813 4004 855 4038 ra-

347 4075 422 4141 lioue)
434 4090 449 4126 a
461 4073 525 4126 rude
538 4074 681 4143 interprete
694 4071 799 4142 ponitur
810 4071 855 4124 sed

348 4169 375 4210 ut
391 4158 493 4210 servilis
508 4157 622 4211 redditio
637 4156 725 4227 graeci
744 4159 804 4208 ὅποι
823 4159 856 4208 ἐκ

910 3145 991 3210 Buta
1004 3156 1068 3198 etc:
1084 3147 1154 3216 quod
1164 3146 1245 3199 latine
1255 3145 1419 3200 efferendum

910 3240 966 3280 erat
983 3248 996 3276 κ
1006 3245 1096 3283 annon
1106 3246 1139 3282 ex
1150 3229 1238 3301 Bytho
1248 3241 1274 3282 et
1283 3230 1345 3301 Sige
1358 3247 1420 3301 pro·

914 3312 1062 3365 «cesserint
1077 3312 1152 3366 Nous
1167 3326 1194 3366 et
1209 3313 1316 3367 Alethia
1327 3334 1353 3366 n.

946 3397 988 3465 (5)
1007 3396 1064 3450 Hoc
1089 3415 1192 3469 quoque
1220 3399 1310 3468 procul
1338 3399 1420 3453 dnbio

909 3481 1041 3552 glossema
1067 3495 1106 3535 est
1130 3482 1200 3553 quod
1224 3483 1266 3536 hic
1292 3484 1362 3536 male
1385 3484 1420 3537 ir-

910 3567 1027 3636 repserit.
1064 3565 1102 3619 Ea
1121 3583 1218 3637 nempe
1236 3583 1331 3620 manus
1351 3584 1419 3638 quae

909 3665 986 3719 supra
1011 3649 1043 3702 ad
1068 3649 1218 3720 marginem
1243 3649 1419 3702 adnotaverat

912 3732 998 3803 <cquid
1014 3745 1053 3786 est
1069 3733 1200 3786 emissio»
1217 3731 1285 3786 infra
1302 3733 1335 3786 ad
1349 3747 1419 3798 xtur,

910 3833 926 3888 9
940 3818 967 3869 in
980 3817 1129 3888 marginem
1148 3817 1241 3871 extulit
1262 3818 1342 3870 verba
1358 3837 1372 3866 u
1386 3818 1419 3870 de

913 3923 926 3951 n
936 3902 1070 3972 speciebus
1080 3922 1093 3952 »
1108 3903 1230 3970 (subaudi
1248 3904 1418 3967 emissionum,

909 3985 956 4039 cfr.
970 4001 1038 4052 xvu,
1052 3989 1080 4055 2)
1095 4003 1162 4057 quae
1175 3986 1274 4040 ibidem
1284 3987 1417 4057 leguntur.

908 4071 938 4124 ld
962 4083 1053 4141 postea
1077 4088 1138 4124 cum
1162 4083 1300 4141 praesente
1324 4071 1419 4124 inscri-

911 4155 1001 4226 ptione
1020 4156 1125 4209 coaluit.
