3274 5100
347 457 410 522 314
633 455 760 501 lRENAEl
786 456 945 502 ADVERSUS
969 453 1125 501 Haereses
1296 454 1341 523 [ll,
1363 469 1417 518 2-4

342 666 427 715 extra
451 671 535 728 eum,
555 647 699 715 similiter
721 649 829 714 omnia
852 647 1006 735 praedicta
1026 649 1277 715 inconvenientia
1302 672 1416 715 occur-

343 773 412 823 rent
435 757 489 838 eis,
514 773 544 822 et
567 754 741 823 includetur
772 757 893 843 primus
920 756 1007 822 Deus
1026 753 1064 821 ab
1088 777 1127 821 eo
1150 756 1204 842 qui
1229 772 1313 822 extra
1337 778 1415 821 eum

343 867 458 946 est,¹in
481 885 544 952 quo
574 880 604 928 et
627 863 769 930 desinere
799 886 873 929 eum
904 885 1032 930 necesse
1063 863 1132 928 erit.
1179 861 1283 952 [HW.
1309 861 1353 952 2].
1379 863 1415 929 Si

342 988 447 1038 autem
471 973 504 1037 in
527 970 621 1064 illius,
644 969 734 1036 valde
757 993 873 1036 vanum
898 971 956 1036 erit
979 987 1099 1057 praeter
1122 971 1309 1036 sententiam
1333 972 1414 1050 eius,

342 1079 375 1142 in
398 1078 464 1142 eius
488 1077 632 1164 propriis,
656 1073 693 1142 ab
713 1076 831 1163 angelis
854 1092 885 1142 et
903 1076 978 1163 ipsis
993 1077 1048 1163 qui
1063 1092 1135 1140 sunt
1155 1077 1315 1163 potestatis
1332 1077 1414 1158 eius,

343 1199 394 1250 aut
417 1182 455 1248 ab
478 1181 539 1248 alio
565 1181 703 1271 quodam
733 1181 835 1248 dicere
859 1180 1043 1248 fabricatum
1067 1204 1135 1247 esse
1160 1181 1334 1262 mundum3
1359 1199 1413 1248 aut

341 1291 430 1377 quasi
452 1313 518 1355 non
541 1290 648 1354 omnia
673 1289 840 1376 prospiciat
863 1290 939 1377 ipse,
958 1310 1037 1375 quae
1061 1290 1174 1356 sintin
1198 1291 1272 1370 suiS,
1292 1306 1326 1355 ut
1346 1312 1413 1354 non

343 1399 418 1464 sciat
440 1421 519 1486 quae
542 1396 580 1462 ab
604 1397 721 1485 angelis
742 1396 844 1462 futura
868 1412 950 1462 sunt.

411 1525 439 1589 3.
464 1503 496 1570 Si
520 1520 625 1570 autem
657 1525 721 1570 non
749 1519 869 1590 praeter
892 1502 1087 1570 voluntatem
1111 1505 1189 1583 eius,
1205 1501 1259 1569 sed
1284 1502 1413 1569 uolente

342 1627 372 1678 et
395 1612 522 1692 sciente,
550 1610 819 1698 quemadmodum
852 1610 980 1698 quidam
1004 1611 1223 1699 opinantur‚(¹>
1248 1612 1311 1677 iam
1346 1633 1412 1676 non

341 1717 442 1805 angeli
458 1717 509 1783 vel
528 1715 637 1784 mundi
657 1715 821 1783 fabricator
840 1739 951 1783 causae
970 1732 1061 1782 erunt
1080 1715 1290 1784 fabricationis
1310 1719 1412 1796 istius,

341 1823 395 1890 sed
419 1824 564 1889 voluntas
588 1823 659 1889 Dei.
715 1823 747 1889 Si
771 1824 857 1888 eninr
882 1822 989 1890 mundi
1014 1820 1233 1890 fabricatorem
1258 1841 1289 1889 et
1299 1823 1332 1877 (²)
1355 1847 1414 1889 an-

341 1930 429 2017 gelos
452 1932 518 2018 ipse
538 1929 621 2010 fecit,
640 1945 693 1996 aut
711 1929 805 1995 etiam
825 1952 917 1995 causa
941 1931 1108 1996 creationis
1127 1952 1239 1996 eorum
1259 1932 1324 2018 ipse
1342 1929 1411 2010 fuit,

341 2053 371 2102 et
383 2035 540 2103 mundum
552 2038 618 2124 ipse
630 2035 783 2102 videbitur
795 2035 917 2116 fecisse,
929 2038 983 2124 qui
998 2060 1107 2103 causas
1120 2035 1331 2104 fabricationis
1344 2039 1412 2103 eius

340 2144 542 2231 praeparavit.
589 2143 675 2208 Licet
699 2165 753 2230 per
777 2142 904 2230 longam
925 2143 1158 2209 successionem
1182 2142 1330 2210 deorsum
1356 2167 1412 2209 an-

340 2247 428 2334 gelos
451 2244 554 2313 dicant
573 2245 682 2326 factm,
702 2247 751 2312 vel
772 2244 882 2314 mundi
900 2244 1130 2328 fabricatorem,
1149 2272 1165 2314 a
1185 2250 1288 2337 primo
1308 2233 1411 2329 Patre,

340 2353 609 2441 quemadmodum
641 2353 790 2420 Basilides
819 2355 871 2435 ait,
882 2353 915 2407 (³)
946 2353 1153 2421 nibilominus
1184 2354 1214 2422 id
1247 2356 1330 2445 quod
1363 2375 1411 2422 est

340 2483 432 2526 causa
455 2481 566 2526 eorum
590 2483 669 2548 quae
700 2458 778 2526 facta
806 2475 889 2540 sunt,
924 2460 954 2525 in
986 2458 1077 2526 illum
1105 2462 1159 2548 qui
1190 2462 1327 2548 prolator
1352 2461 1411 2528 fuit

339 2568 408 2634 talis
431 2569 650 2648 successionis,
674 2583 824 2634 recurret:
857 2567 1126 2655 quemadmodum
1151 2570 1183 2634 in
1206 2592 1314 2656 regem
1338 2591 1411 2634 cor-

340 2677 436 2741 rectio
460 2673 531 2741 belli
542 2675 576 2729 (⁴)
598 2673 741 2753 refertur,
764 2675 817 2762 qui
841 2675 1034 2761 praeparavit
1058 2697 1195 2763 eaquae
1218 2691 1291 2741 sunt
1315 2697 1409 2742 causa

339 2783 506 2862 victoriae;
538 2799 567 2847 et
598 2780 737 2847 conditio
760 2780 853 2846 huius
877 2781 1020 2860 civitatiS,
1044 2797 1096 2848 aut
1120 2781 1212 2847 huius
1236 2783 1350 2869 operiS,
1376 2785 1409 2848 in

338 2912 412 2954 eum
437 2889 491 2976 qui
523 2889 714 2976 praeparavit
738 2911 846 2953 causas
875 2886 912 2955 ad
937 2887 1163 2976 perfectionem
1191 2911 1409 2977 eorumquae

338 2993 527 3060 deorsuml⁵l
539 2994 617 3061 facta
631 3013 713 3062 sunt.
752 2995 954 3082 Quapropter
966 2995 1104 3061 uoniam
1119 2997 1255 3062 securim
1271 2993 1409 3062 dicimus

338 3101 501 3167 concidere
521 3100 613 3189 ligna,
632 3101 682 3168 vel
702 3123 820 3168 serram
843 3123 959 3183 secare,
980 3099 1033 3169 sed
1053 3100 1218 3168 hominem
1242 3103 1408 3170 concidere

337 3225 367 3274 et
391 3231 494 3274 secare
513 3209 687 3274 rectissime
705 3209 774 3296 quis
791 3207 882 3289 dicat,
901 3231 975 3273 eum
986 3208 1020 3262 (⁶)
1037 3209 1090 3296 qui
1108 3209 1207 3295 ipsam
1225 3211 1360 3277 securim
1376 3229 1407 3277 et

337 3337 455 3382 serram
471 3312 508 3381 ad
525 3313 585 3380 boc
602 3314 684 3395 fecit,
708 3331 738 3379 et
763 3314 863 3380 multo
887 3316 973 3402 prius
997 3331 1191 3382 armamenta
1215 3318 1333 3396 omnia,
1350 3340 1408 3404 per

337 3444 415 3510 quae
439 3419 584 3487 fabricata
616 3436 689 3487 sunt
719 3423 837 3486 securis
861 3438 891 3486 et
914 3443 1008 3486 serra.
1061 3422 1111 3487 Sic
1135 3423 1230 3510 igitur
1253 3423 1333 3489 iuste
1357 3447 1408 3489 se·

337 3528 475 3594 cundum
503 3528 630 3593 illorum
662 3529 827 3608 rationem,
858 3527 949 3594 Pater
978 3529 1124 3594 omnium
1159 3528 1280 3595 dicetur
1312 3529 1437 3624 fabri-n

373 3678 414 3746 (1)
433 3676 487 3730 Cfr.
507 3677 605 3742 XXIII,
625 3693 640 3730 2
660 3679 692 3732 de
711 3677 842 3731 Simonia-
932 3683 1036 3752 (3)Cfr,
1046 3701 1101 3754 cap.
1112 3683 1211 3750 XXIV,
1225 3701 1236 3756 3
1249 3685 1403 3756 dessl-365

337 3762 391 3815 nis:
405 3762 555 3815 «Ennoiam
566 3775 770 3832 cognoscentem
782 3780 843 3833 quae
896 3769 1020 3838 gradibus
1039 3769 1212 3823 intermediis.

339 3849 417 3899 «rull
437 3848 515 3899 Pater
536 3847 601 3910 eius,
625 3849 731 3917 degredi
757 3861 842 3901 ete».
933 3855 974 3920 (4)
994 3852 1042 3906 Gr.
1058 3856 1226 3924 κατόρθωσις
1248 3858 1367 3920 πολέμου
1388 3882 1406 3904 :

336 3932 402 3984 Item
413 3933 445 3984 de
459 3931 602 3985 Saturnino
615 3950 636 3985 c.
650 3931 748 3996 XXIV,
765 3945 839 3987 retc.
896 3936 1019 3989 bellicum
1046 3953 1206 4002 successum,
1236 3949 1263 3991 ut
1295 3939 1407 3993 Bittius

369 4017 410 4083 (2)
424 4016 462 4068 lta
476 4017 627 4069 restitutum
643 4033 674 4068 ex
690 4015 761 4070 Vatt.
792 4017 841 4070 Le·
896 4021 960 4074 scite
978 4033 1053 4075 notat
1073 4021 1146 4089 (Οὓς.
1167 4023 1239 4076 Sacr.
1260 4023 1279 4088 I,
1303 4027 1355 4090 33).

334 4102 445 4170 gebatur
473 4099 642 4154 «fabricator
669 4107 742 4166 est»,
771 4104 840 4173 quod
932 4107 973 4173 (ς)
993 4105 1087 4160 Melius
1106 4107 1236 4160 diceretur
1253 4107 1346 4161 deiude.

333 4184 378 4236 vix
392 4185 506 4254 aliquem
519 4203 626 4238 sensum
645 4187 707 4240 dare
727 4199 838 4256 poterat.
923 4187 964 4256 (6)
974 4192 1019 4241 τὸν
1029 4192 1179 4256 ἄνθρωπον,
1190 4195 1235 4242 τὸν
1245 4195 1404 4258 ποιήσαντα.
