3238 5090
358 474 423 557 446
650 490 778 538 ineunti
802 490 962 537 inversus
985 489 1141 535 aurursus
1266 487 1364 556 mxx,
1384 501 1433 554 ¹·3

357 707 436 772 quae
459 685 491 750 in
515 685 559 750 eis
588 699 660 750 sunt
684 681 756 750 fecit
772 701 801 748 et
817 683 952 764 ornavit,
969 698 1000 749 et
1015 699 1116 748 semet
1135 680 1262 770 quidem
1280 682 1436 770 spiritales
1484 687 1489 700 '

358 815 426 858 esse
442 793 563 872 volunt,
579 790 766 858 inhonorate
780 814 879 879 quum
896 791 959 856 sint
973 789 1153 856 carnalesl¹l
1171 806 1298 877 propter
1312 805 1434 855 tantam

359 923 448 966 suam
464 899 668 988 impietatem,
680 898 734 987 qui
750 914 856 965 autem
875 925 890 960 α
906 897 978 964 fecit
994 897 1122 986 angelos
1139 919 1214 963 suos
1230 897 1384 985 spiritus»
1402 915 1435 962 et

364 1005 531 1072 «induitur
544 1005 664 1071 lumine
675 1003 946 1092 quemadmodum
963 1003 1132 1091 pallium»,
1145 1019 1176 1068 et
1190 1003 1275 1068 velut
1291 1005 1323 1068 iu
1336 1026 1434 1070 manu

358 1127 441 1178 tenet
458 1134 575 1199 gyrum
587 1127 698 1190 terrae,
718 1108 755 1177 ad
771 1133 867 1200 quem
882 1109 1090 1176 inhabitantes
1106 1133 1176 1176 eam
1192 1109 1277 1175 velut
1293 1109 1435 1175 locustae

360 1233 430 1282 sunt
439 1216 628 1304 deputati,<²l
640 1233 670 1282 et
682 1218 846 1282 universae
860 1216 1004 1303 spiritalis
1018 1214 1206 1282 substantiae
1219 1216 1434 1302 Demiurgum

360 1339 390 1390 et
402 1324 580 1390 Dominum
592 1322 762 1390 animalem
775 1347 844 1390 esse
855 1322 1011 1389 dicentes:
1028 1320 1199 1388 indubitate
1210 1339 1241 1388 et
1255 1345 1329 1388 vere
1341 1345 1434 1387 suam

359 1429 528 1497 ostendunt
551 1431 717 1510 insaniam,
736 1445 766 1495 et
782 1428 867 1495 velut
882 1450 956 1494 vere
971 1428 1010 1495 de
1025 1430 1166 1496 tonitruo
1182 1429 1320 1516 percussi
1339 1451 1435 1515 super

359 1537 490 1624 eosqui
515 1535 626 1602 sabulis
655 1535 831 1602 referuntur
855 1536 1017 1622 Gigantes,
1048 1534 1232 1601 extollentes
1263 1537 1435 1602 sententias

360 1641 509 1708 adversus
528 1642 644 1722 Deum,
661 1643 892 1729 praesumtione
905 1664 983 1708 vana
1000 1657 1030 1707 et
1045 1639 1179 1708 instabili
1194 1641 1293 1728 gloria
1309 1640 1434 1718 tumidi,

360 1747 473 1838 quibus
497 1750 660 1814 universae
684 1764 782 1814 terrae
806 1747 980 1814 elleborum
994 1748 1028 1801 (⁵)
1050 1769 1115 1814 non
1130 1746 1245 1814 sufficit
1263 1747 1300 1815 ad
1320 1770 1436 1835 expur-

361 1856 534 1944 gationem,
558 1855 603 1920 uti
627 1870 777 1921 evomant
800 1869 918 1920 tantam
942 1877 1033 1920 suam
1058 1853 1231 1921 stultitiam.

431 1981 459 2026 2.
485 1960 652 2027 Meliorem
670 1961 755 2026 enim
771 1959 968 2048 exoperibus
983 1960 1293 2048 oportetustendi.<⁴l
1339 1961 1435 2028 Unde

362 2067 456 2152 igitur
480 2066 666 2153 semetipsos
689 2065 857 2132 ostendunt
880 2065 1058 2152 Demiurgo
1084 2066 1231 2132 meliores
1247 2066 1308 2154 (uti
1328 2087 1357 2133 et
1374 2089 1436 2132 nos

362 2171 400 2240 ad
423 2173 617 2261 impietatem
641 2189 767 2260 propter
791 2173 1009 2239 necessitatem
1033 2174 1190 2240 sermonis
1213 2172 1435 2262 detergamus

363 2280 423 2345 Dei
446 2296 477 2346 et
499 2280 682 2345 insanorum
706 2278 874 2346 hominum
893 2280 1162 2367 comparationem
1179 2278 1336 2361 facientes,
1352 2296 1382 2346 et
1402 2283 1436 2346 in

362 2387 668 2473 argumentationem
702 2408 813 2452 eorum
845 2383 1079 2469 descendentes,
1112 2409 1202 2473 saepe
1225 2409 1279 2475 per
1311 2389 1436 2474 propria

363 2494 506 2580 ipsorum
530 2492 678 2580 dogmata
703 2507 867 2580 arguentes
891 2513 960 2558 eos:
988 2489 1042 2558 sed
1066 2489 1157 2558 nobis
1179 2490 1306 2580 quidem
1330 2493 1438 2580 propi-

362 2601 425 2665 tius
437 2601 476 2664 sit
489 2599 590 2678 Deus;
605 2600 767 2664 nonenim
783 2598 844 2664 illis
859 2621 932 2664 eum
945 2615 1174 2686 comparantes
1188 2595 1242 2665 sed
1257 2616 1435 2686 arguentes,

364 2722 394 2772 et
417 2721 591 2772 evertentes
614 2704 743 2771 illorum
761 2705 926 2785 insaniam,
942 2703 1077 2780 dicimus
1094 2704 1198 2794 haec),
1214 2705 1252 2772 ad
1266 2702 1351 2793 quod
1368 2725 1436 2771 stu-

363 2829 493 2900 pescunt
517 2811 608 2878 multi
632 2813 876 2894 insensatorum,
892 2813 980 2901 quasi
999 2812 1068 2900 plus
1087 2811 1203 2901 aliquid
1218 2813 1283 2900 ipsa
1303 2815 1435 2880 veritate

363 2919 401 2984 ab
417 2921 462 2984 eis
486 2934 613 3006 possent
636 2917 774 2984 discere?
819 2916 927 3009 [WH.
951 2915 1071 3000 XLVI,
1097 2917 1140 3008 2].
1188 2919 1226 2985 Et
1249 2918 1324 2986 illud
1348 2919 1435 3007 quod

365 3027 515 3113 scriptum
538 3042 596 3105 est,
625 3051 641 3086 a
654 3024 816 3105 Quaerite,
829 3042 860 3090 et
872 3025 1036 3092 invenietis
1051 3049 1080 3104 a,
1096 3024 1133 3092 ad
1149 3024 1210 3092 hoc
1224 3025 1345 3092 dictum
1365 3049 1435 3092 esse

364 3133 613 3219 interpretantur,
627 3133 671 3197 uti
689 3154 781 3219 super
797 3132 1010 3219 Demiurgum
1023 3133 1209 3218 semetipsos
1222 3131 1435 3214 adinveniant,

366 3240 500 3304 maiores
524 3254 554 3304 et
578 3237 724 3304 meliores
750 3256 898 3304 vocantes
922 3241 1108 3326 semetipsos
1135 3261 1228 3327 quam
1261 3240 1378 3320 Deum,
1403 3257 1435 3306 et

365 3345 551 3430 semetipsos
570 3343 733 3431 spiritales,
750 3344 963 3432 Demiurgum
979 3361 1082 3410 autem
1100 3343 1282 3410 animalem:
1307 3360 1337 3410 et
1360 3366 1435 3433 pro-

365 3465 431 3536 pter
456 3448 527 3529 hoc,
550 3447 810 3537 superascendere
842 3472 896 3514 eos
924 3471 1016 3537 super
1049 3449 1171 3516 Deum:
1196 3466 1226 3515 et
1249 3473 1281 3516 se
1304 3449 1434 3537 quidem

364 3557 444 3620 intra
463 3554 610 3620 Pleroma
629 3555 749 3638 cedere,
767 3556 871 3622 Deum
889 3572 995 3621 autem
1015 3557 1046 3620 in
1063 3555 1238 3622 medietatis
1254 3556 1335 3622 loco.
1383 3555 1434 3622 Ab

401 3707 443 3774 (1)
464 3705 528 3759 Cod.
548 3707 600 3776 leg,
617 3723 705 3759 carrus
718 3707 760 3759 vel
773 3709 871 3759 carnis:
929 3711 992 3765 300:
1007 3717 1032 3751 e.
1042 3739 1047 3750 .
1057 3697 1295 3768 .tribusAnticyris
1306 3711 1384 3767 caput
1395 3698 1435 3751 in·

367 3787 479 3842 sueritne
489 3806 576 3860 graec.
586 3793 680 3856 ἁτιμής
689 3793 764 3853 ὄντες
773 3793 872 3855 σαρκός
929 3791 1106 3845 «sanabile».
1153 3789 1193 3844 De
1219 3791 1327 3844 ellebori
1352 3792 1434 3844 virtu·

366 3891 412 3926 seu
431 3873 590 3926 inhonoraret
609 3891 684 3944 quum
709 3877 759 3927 sint
776 3876 870 3939 carnis,
926 3876 995 3929 tibus
1013 3888 1039 3929 et
1061 3875 1195 3945 speciebus
1217 3873 1263 3928 cfr.
1276 3874 1353 3928 Peru.
1367 3874 1434 3930 Her.

365 3970 395 4020 ut
414 3969 489 4028 putat
508 3958 645 4011 Haeret?
930 3958 989 4011 Nat.
1009 3957 1095 4023 XXV,
1120 3974 1142 4025 5.

403 4044 445 4108 (2)
462 4041 504 4094 Ps.
524 4041 822 4106 C111,2‚4;1si.xL‚
842 4056 872 4094 12
963 4043 1006 4110 (4)
1023 4041 1076 4095 Clr.
1096 4043 1200 4096 lusrm.
1219 4041 1326 4114 Apolog.
1346 4042 1367 4108 1,
1387 4057 1433 4096 22:

367 4135 393 4178 et
413 4139 445 4176 22
466 4125 538 4178 iuxta
557 4123 636 4196 Vulg.
737 4113 743 4128 ⁸
928 4129 1013 4191 ὁγὰρ
1035 4129 1163 4191 κρείττων
1185 4129 1219 4180 la
1236 4131 1288 4179 τῶν
1312 4127 1435 4191 πράξεων

404 4208 447 4278 (3)
465 4209 580 4280 Respicit
600 4209 708 4263 Hourtr.
728 4211 781 4264 Ars
807 4209 873 4262 Poel.
929 4213 1057 4276 paluster.
