3230 5062
287 449 347 516 172
572 451 700 498 IRENAEI
723 451 882 498 ADVERSUS
905 450 1060 497 HAERESES
1214 447 1289 513 XIII,
1307 463 1358 517 ²⁸3

352 665 380 712 2.
397 645 501 736 [WH.
525 645 599 726 VII,
619 645 663 736 ²I·
712 645 812 728 Quas
824 666 880 712 rsa
892 666 1065 713 ruousrrua
1079 645 1201 728 Marem,
1215 665 1256 712 nr
1268 665 1359 719 Quae

282 773 365 819 suar
383 773 472 827 Quas
497 774 536 818 aa
559 774 602 820 εο
627 772 735 819 eruar.
782 752 884 819 prov>
901 752 996 818 calice
1015 753 1101 818 enim
1122 753 1199 818 vino
1214 752 1360 818 minoe>

282 855 404 946 lingens
420 881 453 924 se
468 858 581 946 gratias
598 880 699 946 agere,
724 873 754 924 et
769 860 802 924 in
822 856 959 924 multum
976 856 1145 924 extendens
1170 881 1355 934 sermonem

283 965 502 1044 invocationis,
526 986 717 1052 purpureum
741 980 771 1030 et
793 961 1004 1030 rubicundum
1036 986 1182 1052 apparere
1214 962 1297 1041 facit,
1324 981 1358 1031 ut

283 1085 406 1159 putetur
433 1093 469 1136 ea
494 1071 641 1138 Gratiassl
665 1068 702 1136 ab
727 1069 876 1158 hisquae
904 1085 977 1136 sunt
1000 1093 1093 1158 super
1116 1072 1235 1152 omnia,
1259 1093 1356 1136 suurn

284 1178 469 1265 sanguinem
494 1177 609 1244 stillare
632 1178 665 1243 in
684 1176 767 1243 illius
790 1179 922 1244 calicem
945 1199 1000 1266 per
1023 1179 1257 1245 invocationem
1279 1180 1359 1261 eius,

284 1300 313 1350 et
337 1282 426 1350 valde
450 1284 672 1370 concupiscere
695 1300 872 1370 praesentes
892 1306 929 1349 ex
948 1281 1003 1349 illo
1022 1299 1148 1370 gustare
1171 1282 1297 1370 poculo,
1323 1299 1357 1349 ut

285 1390 362 1456 etin
378 1411 434 1456 eos
446 1388 540 1455 stillet
554 1411 633 1477 quae
644 1411 698 1477 per
715 1411 845 1477 magum
865 1387 948 1454 hunc
964 1405 1095 1456 vocatur
1110 1389 1228 1457 Gratia.
1251 1443 1253 1446 .
1276 1390 1359 1456 Rur-

285 1518 338 1561 sus
362 1494 545 1562 mulieribus
568 1495 645 1562 dans
664 1495 776 1561 calices
792 1497 921 1576 mixtos,
939 1496 1021 1581 ipsas
1036 1495 1150 1582 gratias
1166 1517 1257 1582 agere
1272 1493 1358 1560 iubet

285 1618 445 1690 praesente
469 1626 512 1669 se.
570 1603 608 1669 Et
631 1601 684 1669 ubi
708 1601 768 1669 hoc
793 1601 908 1669 factum
934 1618 991 1683 est,
1015 1603 1081 1690 ipse
1105 1602 1203 1668 alium
1227 1601 1357 1669 calicem

286 1709 387 1775 multo
411 1710 565 1776 maiorem
591 1731 686 1798 quarn
710 1726 758 1776 est
781 1708 843 1789 ille,
867 1710 985 1797 inquo
1009 1708 1062 1774 illa
1093 1706 1219 1775 seducta
1244 1706 1359 1775 eucha-

286 1816 406 1882 ristiam
431 1814 513 1897 fecit,
537 1814 710 1904 proferens,
735 1833 764 1881 et
787 1814 1009 1882 transfundens
1032 1838 1050 1880 a
1074 1816 1201 1896 minori,
1228 1817 1282 1903 qui
1311 1831 1359 1881 est

286 1945 303 1988 a
323 1922 454 1988 muliere
473 1923 675 1990 eucharistiae
699 1922 850 2003 factus&
873 1923 906 1988 in
929 1922 1030 2004 illum,
1049 1923 1102 2011 qui
1122 1939 1169 1990 est
1191 1921 1229 1988 ab
1253 1946 1292 1990 eo
1314 1922 1360 1989 al-

356 2121 384 2167 2.
409 2101 545 2188 Ποτήρια
572 2105 642 2186 οἴνῳ
669 2099 844 2185 κεκραμένα
873 2101 1129 2187 προσποιοΰμενος
1159 2105 1357 2188 εὐχαριστεῖν,

287 2211 338 2273 καὶ
362 2203 424 2273 ἐπὶΙ
439 2208 531 2273 πλέον
554 2209 692 2273 ἐκτείνων
715 2211 766 2273 τὸν
788 2205 879 2294 λόγον
901 2219 954 2293 τῆς
982 2209 1180 2292 ἐπικλήσεως,
1204 2210 1359 2295 πορφύρεα

286 2318 338 2380 καὶ
360 2316 475 2401 ἐρυθρὰ
498 2315 718 2399 ἀναφαίνεσθαι
741 2324 837 2379 ποιεῖ·
860 2315 901 2392 ὡς
924 2316 1023 2380 δοκεῖν
1046 2319 1100 2400 τὴν
1121 2317 1182 2379 ἀπο
1206 2325 1264 2380 τῶν
1283 2317 1359 2401 ὑπὲρ

287 2425 325 2487 τὰ
339 2422 398 2486 ὅλα
412 2421 509 2506 Χάριν
524 2425 558 2486 τὸ
577 2424 651 2506 αἷμα
669 2425 703 2485 τὸ
721 2421 830 2504 ἑαυτῆς
847 2421 966 2499 στάζειν
985 2421 1018 2485 ἐν
1037 2430 1078 2506 τῷ
1093 2421 1209 2486 ἐκείνου
1224 2423 1357 2507 ποτηρίῳ

288 2529 336 2591 διὰ
357 2538 410 2612 τῆς
433 2527 621 2612 ἐπικλήσεως
645 2529 747 2610 αὐτοῦ,
771 2529 824 2590 καὶ
845 2528 1091 2612 ὑπεριμείρεσθσιι
1114 2531 1184 2605 τοὺς
1206 2525 1357 2613 παρόντας

287 2634 320 2711 ἐξ
341 2635 458 2699 ἐκείνου
480 2634 654 2719 γεύσασθαι
676 2643 729 2698 τοῦ
752 2630 898 2717 πόματος,
920 2635 969 2699 ἵνα
991 2637 1044 2697 καὶ
1066 2635 1109 2711 εἰς
1135 2637 1243 2712 αὐτοὺς
1267 2637 1358 2719 ἐπομ

288 2739 384 2828 βρήσρ
406 2740 425 2823 ἡ
449 2741 498 2803 διὰ
520 2749 572 2804 τοῦ
596 2739 695 2825 μάγου
718 2738 823 2804 τούτου
845 2737 1017 2824 κληζομὲνρ
1049 2739 1157 2825 Χάρις.
1203 2740 1302 2806 Πάλιν
1324 2741 1357 2805 δὲ

288 2845 417 2932 γυναιξὶν
439 2847 559 2923 ἐπιδοὺς
581 2845 741 2930 ἐκπόματα
759 2845 943 2930 κεκραμένα,
959 2847 1052 2924 αὐτὰς
1070 2849 1258 2932 εὐχαριστεῖν
1273 2850 1358 2932 ἐγκε-

288 2953 406 3018 λεΰεται
423 2963 615 3038 παρεστῶτος
632 2955 735 3016 αὐτοῦ.
782 2951 846 3016 Καὶ
861 2951 968 3017 τούτου
983 2951 1157 3036 γενομένου,
1172 2955 1262 3030 αὐτὸς
1280 2954 1359 3018 ἄλλο

289 3061 428 3146 ποτήριον
446 3060 550 3142 πολλῷ
570 3059 671 3146 μεῖζον
687 3057 815 3142 ἐκείνου,
832 3059 867 3121 οὗ
882 3059 902 3142 ἡ
918 3056 1127 3145 etquenam
1142 3061 1357 3147 ηὐχαρίστρσε,

289 3169 508 3252 προσενεγκὼν,
532 3168 585 3230 καὶ
614 3163 827 3249 μετακενώσας
848 3165 908 3228 ἀπὸ
931 3173 984 3230 τοῦ
1008 3166 1194 3252 μικροτέρου,
1221 3177 1275 3232 τοῦ
1300 3169 1358 3232 ὑπὸ

245 3373 247 3377 -
327 3337 368 3402 (1)
378 3333 417 3388 Ex
427 3335 522 3388 celebri
533 3335 582 3386 hac
592 3333 733 3404 praestigia
740 3332 797 3402 qui·
851 3334 955 3387 euchar.
967 3334 1114 3390 inmisceri:
1126 3323 1173 3388 cfr'.
1188 3336 1270 3389 etiam
1283 3335 1357 3388 lanu.

291 3420 352 3472 dani
372 3419 526 3472 existimant
545 3417 706 3471 eGnosticis
725 3429 797 3470 tran·
852 3418 885 3484 V,
905 3433 935 3482 2;
956 3418 1041 3472 Consi.
1064 3419 1150 3490 Aport.
1171 3418 1243 3486 VIII,
1264 3435 1294 3473 12
1307 3431 1357 3473 etc.

291 3502 517 3556 substantiationis
531 3501 721 3554 eucharisticae
734 3518 797 3554 con·
851 3502 891 3555 De
909 3503 1049 3557 haereticis
1068 3503 1112 3574 qui
1137 3520 1234 3574 aquam
1253 3516 1357 3557 tantum

290 3599 396 3657 ceptum
424 3587 557 3640 derivasse
585 3586 613 3638 in
641 3586 796 3639 Ecclesiam.
830 3587 1010 3642 'adhibebant
1031 3587 1358 3656 (Strorrt.l),cfr.8cun1·

291 3671 359 3740 (Clr.
378 3689 403 3723 v.
418 3689 442 3742 g.
458 3671 604 3736 Hanunea,
621 3672 762 3742 Dogmeng.
777 3670 797 3736 1,
851 3686 947 3724 wrcen.
967 3670 1018 3723 Die
1042 3670 1165 3724 Elementa
1183 3671 1224 3725 des
1247 3671 1358 3725 Euchur.

293 3772 343 3826 252
359 3757 403 3827 qui
423 3768 448 3810 et
463 3755 527 3810 Exc.
549 3756 638 3810 Theoti.
655 3759 689 3809 82
709 3757 795 3823 citat):
854 3753 1072 3826 1903.—-Epiph.
1082 3755 1174 3809 vinunt
1188 3757 1277 3810 album
1287 3757 1358 3809 dicit.

293 3853 318 3895 at
328 3842 370 3895 his
379 3841 476 3894 criticis
488 3839 625 3894 refutanda
636 3853 696 3894 sunt
707 3841 797 3894 omnia
888 3841 930 3908 (3)
941 3838 1001 3909 Sige
1011 3857 1078 3910 quae
1091 3841 1171 3894 etiam
1185 3841 1270 3911 gratia
1283 3845 1359 3908 χάρις

292 3943 358 3997 quae
378 3926 405 3978 in
424 3925 457 3977 N.
477 3925 509 3978 T.
529 3926 561 3978 de
580 3925 738 3978 eucharistia
758 3925 797 3977 in·
851 3935 960 3977 vocatur
979 3924 1012 3991 (I,
1027 3928 1053 3990 r)
1072 3937 1098 3977 et
1114 3925 1234 3977 Marcum
1253 3925 1358 3995 speciali

293 4010 444 4063 veniuntur.
852 4007 941 4062 lavore
961 4009 1126 4079 prosequitur
1148 4010 1182 4076 (c.
1202 4007 1287 4075 XIII).

329 4093 371 4164 (2)
400 4093 514 4147 lustinus
547 4093 647 4163 primus
675 4091 797 4146 meminit
887 4095 929 4159 (4)
947 4092 1001 4156 Qui
1021 4109 1116 4164 nempe
1136 4093 1232 4147 calixa
1248 4093 1358 4147 muliere

294 4195 376 4248 aquae
406 4178 541 4230 tantillum
574 4177 601 4228 in
634 4176 715 4229 calice
742 4175 797 4228 vini
851 4177 934 4231 factus
957 4191 996 4231 est
1017 4179 1085 4232 calix
1111 4177 1359 4247 eucharistiatus
