3238 5090
238 452 561 523 (xxxma-xxxixa]
636 455 726 502 urm
748 455 913 502 srcuxoos
1243 455 1308 522 427

238 650 386 737 culparet,
402 649 540 737 alioquin
559 649 698 738 seipsum
716 650 855 737 primum
873 666 1045 730 accusaret3
1071 650 1124 718 sed
1140 651 1211 738 quia
1231 651 1311 717 scie-

238 755 289 823 bat
310 755 463 847 quosdam
489 753 547 822 sub
571 757 737 823 occasione
760 756 907 822 scientiae
934 753 1033 822 elatos
1057 756 1199 823 excidere
1222 780 1239 822 a
1262 757 1310 825 di-

238 864 372 931 lectione
407 863 478 942 Dei,
502 879 533 929 et
562 861 603 930 ob
634 863 695 929 hoc
730 863 851 952 opinari
883 865 1004 952 seipsos
1038 885 1108 930 esse
1142 863 1309 952 perfectos

238 970 458 1060 imperfectum
490 986 596 1037 autem
627 971 840 1058 Demiurgum
872 969 1115 1052 introducentes,
1145 969 1310 1038 abscidens

229 1100 350 1144 ‘eorum
373 1076 415 1143 ob
438 1076 619 1144 huiusmodi
644 1077 807 1143 scientiam
831 1076 1044 1165 supercilium,
1060 1079 1120 1143 ait:
1145 1077 1308 1145 «Scientia

243 1212 259 1246 «
271 1183 369 1264 inflat,
384 1185 494 1250 caritas
510 1200 614 1251 antem
631 1181 771 1250 aedificat
789 1209 817 1248 n.
865 1184 969 1250 Maior
984 1200 1090 1250 autem
1107 1182 1164 1250 hac
1180 1207 1245 1251 non
1261 1201 1308 1250 est

238 1291 295 1357 alia
318 1289 449 1370 inflatio,
473 1313 569 1378 quam
593 1306 626 1356 ut
646 1291 790 1379 opinetur
813 1291 884 1378 quis
908 1313 941 1357 se
965 1291 1129 1357 meliorem
1154 1307 1184 1357 et
1207 1290 1279 1380 perf
1293 1329 1310 1340 -

238 1399 370 1464 ctiorem
386 1421 454 1464 esse
471 1421 509 1464 eo
524 1398 577 1486 qui
595 1396 712 1478 fecerit,
731 1414 762 1464 et
778 1397 989 1485 plasmaverit,
1005 1415 1035 1464 et
1051 1399 1210 1485 spiramen
1227 1399 1308 1464 vitae

230 1504 366 1583 dederit,
382 1520 412 1570 et
427 1504 487 1570 hoc
504 1505 607 1592 ipsum
624 1527 692 1570 esse
708 1505 904 1592 praestiterit.
952 1504 1068 1571 Melius
1091 1505 1193 1592 itaque
1213 1505 1310 1584 est,(¹l

237 1611 329 1675 sicuti
345 1609 493 1697 praedixi,
508 1608 586 1676 nihil
602 1611 735 1676 omnino
751 1611 902 1674 scientem
918 1610 1110 1698 quempiam,
1126 1608 1307 1698 nequidem

238 1737 334 1780 unam
358 1737 484 1780 causam
505 1714 669 1781 cuiuslibet
684 1736 795 1780 eorum
815 1737 894 1803 quae
919 1713 1098 1796 factasunt,
1117 1713 1306 1781 curiactum

238 1822 289 1902 sit,
312 1820 437 1887 credere
460 1821 542 1900 Deo,
561 1837 593 1887 et
608 1843 804 1908 perseverare
820 1843 875 1887 eos
891 1822 924 1888 in
939 1820 1117 1902 dilectione,
1138 1837 1190 1887 aut
1200 1821 1234 1874 (a
1253 1843 1307 1908 per

239 1926 420 1994 huiusmodi
443 1928 607 1994 scientiam
627 1926 753 1994 inflatos
771 1925 914 1994 excidere
930 1951 946 1993 a
961 1927 1139 2008 dilectione,
1155 1949 1233 2015 quae
1249 1927 1308 1994 ho-

239 2034 358 2100 minem
374 2031 526 2100 vivificat:
543 2056 601 2100 nec
617 2033 699 2101 aliud
716 2034 872 2122 inquirere
888 2032 926 2100 ad
941 2035 1116 2112 scientiam,
1129 2034 1190 2100 nisi
1202 2033 1307 2100 lesum

239 2139 404 2207 Christum
428 2139 542 2206 Filium
569 2139 640 2222 Dei,
655 2127 709 2228 qui
728 2160 785 2227 pro
805 2138 896 2206 nobis
920 2138 1087 2206 crucifixus
1102 2139 1200 2220 est‚(³l
1215 2140 1309 2206 autl²>

238 2269 292 2337 per
308 2247 528 2334 quaestionum
545 2245 731 2312 subtilitates
745 2261 776 2311 et
792 2244 1048 2335 minutiloquium
1065 2247 1098 2312 in
1113 2246 1306 2336 impietatem

242 2351 362 2420 cadere.

309 2479 337 2524 2.
363 2456 451 2541 Quid
475 2460 561 2524 enim
586 2458 611 2524 si
631 2479 685 2546 per
703 2456 763 2523 hos
786 2473 917 2524 conatus
941 2457 1102 2546 paululum
1125 2459 1179 2546 qui
1197 2458 1309 2538 elatus,

239 2589 278 2633 eo
300 2565 385 2656 quod
418 2566 576 2632 Dominus
608 2564 730 2644 dixerit,
761 2563 832 2652 quia
862 2580 920 2630 «et
944 2564 1045 2651 capilli
1075 2566 1184 2652 capitis
1211 2567 1307 2631 uestri

246 2694 387 2738 «omnes
408 2672 564 2736 numerati
588 2668 745 2750 sunt»,(⁴l
767 2669 890 2734 curiose
914 2670 1069 2756 inquirere
1093 2670 1228 2736 voluerit
1250 2693 1310 2735 nu·

241 2800 365 2843 merum
396 2778 639 2864 uniuscuiusque
673 2776 782 2863 capitis
812 2774 1009 2861 capillorum,
1043 2791 1073 2840 et
1099 2798 1225 2842 causam
1255 2799 1308 2841 ex-

239 2883 373 2969 quirere,
400 2904 455 2970 per
479 2904 575 2969 quam
610 2879 659 2946 hic
690 2865 818 2968 quidem
848 2895 963 2962 tantos,
993 2880 1044 2946 ille
1071 2896 1177 2969 autern
1204 2897 1309 2947 tantos

240 2988 367 3075 capillos
391 2986 512 3068 habeat,
547 3009 612 3053 non
648 2985 795 3052 omnibus
830 3009 867 3051 ex
898 3009 998 3074 aequo
1032 2985 1229 3068 habentibus,
1253 2986 1307 3054 sed

240 3093 349 3159 multis
373 3091 511 3160 millibus
543 3115 635 3181 super
663 3092 760 3159 millia
791 3093 859 3159 aliis
882 3108 973 3182 atque
1004 3091 1072 3159 aliis
1095 3094 1236 3160 numeris
1260 3095 1308 3160 in-

240 3201 352 3281 ventis,
375 3221 414 3266 eo
430 3197 514 3288 quod
531 3199 582 3266 alii
600 3198 729 3286 quidem
752 3199 883 3280 maiora,
906 3198 958 3264 alii
978 3214 1083 3265 autem
1107 3201 1231 3266 minora
1254 3200 1308 3266 ha-

240 3303 331 3372 beant
354 3307 472 3393 capita;
506 3320 537 3371 et
559 3305 611 3371 alii
633 3303 761 3394 quidem
793 3305 912 3393 spissos
945 3304 1073 3394 capillos
1096 3327 1231 3393 semper,
1255 3306 1308 3371 alii

239 3428 344 3478 autem
368 3435 466 3494 raros,
486 3411 537 3477 alii
556 3433 633 3477 vero
656 3428 685 3477 et
709 3413 842 3477 omnino
865 3433 981 3500 paucos
1005 3411 1134 3499 capillos
1158 3411 1307 3478 habeant:

240 3518 328 3604 ethi,
344 3519 398 3606 qui
414 3535 523 3606 putant
541 3540 575 3584 se
594 3539 764 3602 numerum
788 3518 946 3584 invenisse
969 3519 1166 3606 capillorum,
1190 3535 1309 3586 tentent

277 3671 319 3738 (1)
340 3669 484 3724 Melius...
503 3669 597 3722 cudere.
640 3669 748 3742 Syriace
806 3688 894 3724 unum
914 3671 1151 3742 profunditatem...
1172 3671 1200 3724 in
1221 3671 1310 3724 atheis·

240 3753 337 3824 legitur
346 3753 373 3806 in
383 3753 440 3808 cod.
451 3772 477 3807 n.
493 3755 534 3822 tal
541 3751 587 3823 167
599 3757 677 3821 (saec.
686 3759 749 3821 viu)
805 3773 900 3808 «mum
918 3756 1046 3810 cadere».
1082 3755 1193 3809 Caetera
1206 3755 1239 3808 ad
1252 3772 1312 3808 rer-

241 3855 274 3890 ex
289 3853 367 3908 saepe
380 3837 524 3891 nominatis
539 3837 635 3908 fragm.
650 3837 748 3891 Nitria-
803 3841 865 3892 bum
885 3852 1041 3893 consonant.

241 3921 283 3973 nis
302 3921 386 3975 Musei
402 3921 558 3975 Britannici:
573 3919 617 3975 csr.
634 3921 747 3976 Mnurtu
838 3923 908 3992 (2)ῆ
919 3923 945 3975 h.
958 3940 981 3977 e.
991 3941 1080 3994 quam:
1094 3923 1137 3977 hic
1150 3941 1223 3976 error
1237 3940 1311 3976 com-

242 4003 617 4075 inPnnx‚Anat.Sacr.11,p.
633 4005 671 4058 18.
695 4003 748 4057 Va·
803 4007 891 4060 munis
910 4020 949 4060 est
968 4024 1028 4060 curn
1048 4008 1106 4060 cod.
1125 4007 1238 4078 syriace.

243 4089 349 4142 rietates
367 4089 495 4143 minimae
513 4101 574 4144 sunt
592 4091 639 4143 scl.
658 4089 749 4143 initio:
838 4091 882 4160 (3)
900 4090 954 4144 Clr.
974 4090 985 4143 l
1006 4090 1068 4144 Cor.
1089 4091 1122 4156 ll,
1142 4106 1166 4144 2.

243 4174 307 4225 sicut
320 4173 439 4238 diximus,
449 4185 475 4227 et
488 4173 516 4227 in
528 4173 581 4227 fine
595 4173 750 4244 «quaestio-
840 4175 882 4243 (4)
900 4174 1012 4229 Mxrrx.
1031 4175 1065 4241 X,
1087 4190 1126 4243 30.
