3274 5100
338 484 399 567 298
620 505 748 552 laeuam
771 506 847 552 auu.
873 507 1029 554 arenosos
1069 506 1406 576 ‘[xxx,15-xxx1‚1-2

338 696 414 761 ritus
433 695 562 761 luminis
582 696 755 785 colligatur,
775 714 806 764 et
821 695 988 787 abripiatur
1005 700 1037 766 in
1057 701 1202 767 Aeonem
1218 701 1408 790 incorrupti-

339 800 473 868 bilitatis.
486 801 520 855 (Ι)

410 929 458 994 15.
483 907 580 974 Tales
602 908 729 996 quidem
765 911 939 978 secundum
974 935 1029 979 eos
1065 914 1235 980 sententiae
1269 930 1356 980 sunt:
1389 937 1407 980 a

337 1013 460 1103 quibus,
485 1015 570 1081 velut
599 1015 737 1082 Lernaea
767 1016 876 1104 hydra,
907 1019 1070 1108 multiplex
1099 1019 1250 1108 capitibus
1280 1019 1344 1087 fera
1366 1021 1407 1088 de

338 1121 495 1188 Valentini
509 1121 615 1188 schola
627 1139 771 1210 generata
784 1140 839 1189 est.
888 1122 1030 1206 Quidam
1044 1127 1129 1192 enim
1141 1129 1240 1214 ipsam
1255 1127 1407 1215 Sophiam

340 1244 514 1316 serpentem
540 1227 652 1295 factam
676 1230 796 1297 dicunt:
828 1249 1014 1320 quapropter
1039 1249 1068 1298 et
1099 1235 1289 1300 contrariam
1314 1236 1409 1301 exsti-

339 1335 413 1400 tisse
437 1334 547 1402 factori
570 1335 666 1416 Adae,
690 1353 720 1402 et
747 1339 941 1426 agnitionem
965 1338 1147 1405 hominibus
1170 1341 1353 1422 immisisse,
1377 1359 1409 1406 et

338 1458 464 1529 propter
475 1441 537 1508 hoc
547 1440 668 1508 dictum
680 1460 856 1531 serpentem
870 1445 1015 1511 omnium
1029 1447 1296 1533 sapientiorem<²t
1341 1447 1402 1514 Sed

339 1565 370 1616 et
400 1566 524 1638 propter
554 1551 746 1637 positionem
776 1551 997 1618 intestinorum
1029 1568 1213 1618 nostrorum
1244 1576 1298 1642 per
1329 1577 1410 1641 quae

339 1680 408 1723 esca
427 1655 568 1733 infertur,
592 1673 622 1722 et
645 1656 729 1746 quod
753 1657 848 1724 talem
871 1657 1006 1746 figuram
1025 1659 1168 1740 habeant,
1188 1660 1409 1728 ostendentem

339 1764 525 1831 absconsam
556 1766 781 1851 generatricem
816 1766 967 1853 serpentis
1002 1763 1119 1854 figurae
1144 1763 1351 1833 substantiam
1375 1769 1408 1833 in

342 1871 442 1937 nobis.
454 1871 490 1924 (δ)

409 2050 487 2118 Cae.
512 2049 634 2116 XXXI.
686 2070 712 2114 1.
736 2049 799 2116 Alii
835 2066 938 2116 autem
968 2071 1075 2116 rursus
1104 2051 1185 2118 Cain
1209 2075 1226 2116 a
1251 2053 1411 2138 superiore

342 2156 563 2244 principalitate
597 2154 715 2235 dicunt,
742 2173 773 2221 et
797 2156 889 2236 Esau,
913 2173 943 2222 et
967 2157 1062 2236 Core,
1099 2173 1129 2223 et
1164 2157 1355 2237 Sodomitas,
1380 2174 1413 2224 et

342 2285 455 2330 omnes
478 2262 555 2330 tales
578 2278 729 2350 cognatos
761 2285 836 2328 suos
871 2261 1075 2345 confitentur;
1105 2282 1135 2330 et
1159 2282 1284 2352 propter
1308 2264 1368 2330 hoc
1394 2288 1412 2330 a

344 2369 459 2436 factore
494 2371 705 2458 impugnatos,
740 2370 901 2436 neminem
936 2393 972 2435 ex
1008 2371 1051 2436 eis
1088 2371 1168 2437 male
1203 2389 1357 2459 acceptos.
1377 2372 1412 2426 (⁴)

344 2476 461 2564 Sophia
492 2479 577 2542 enim
609 2475 683 2544 illud
706 2475 791 2564 quod
818 2477 980 2564 proprium
1010 2500 1048 2542 ex
1080 2501 1115 2544 ea
1145 2494 1220 2558 erat,
1243 2477 1413 2566 abripiebat

344 2585 450 2650 exeis
481 2583 518 2649 ad
551 2584 761 2670 semetipsam.
810 2583 848 2649 Et
879 2583 954 2650 haec
985 2583 1095 2652 Iudam
1124 2584 1318 2674 proditorem
1342 2585 1414 2652 dili-

419 2773 458 2826 ις.
478 2765 552 2824 Τινές
572 2765 601 2814 δέ
614 2765 694 2814 αὐτὸν
706 2765 751 2813 τὸν
765 2765 824 2833 ὄφιν
837 2767 869 2828 τῇ
886 2761 967 2830 σοφίᾳ
980 2763 1095 2816 συνεῖναί
1108 2780 1180 2830 φασι,
1192 2769 1239 2816 καί
1253 2767 1288 2828 ὡς
1301 2769 1412 2832 ἐναντίῳ

346 2855 405 2920 Θεῷ
424 2859 461 2919 τῷ
480 2857 575 2920 ποιητῇ
595 2854 771 2917 πολεμοῦντα,
790 2855 835 2905 τὸν
854 2854 942 2918 Ἀδὰμ
957 2855 1130 2920 ἐξαπατῆσαι,
1143 2858 1190 2906 καί
1203 2856 1352 2907 δεδωκέναι
1363 2859 1414 2921 τὴν

345 2949 450 3009 γνῶσιν,
468 2947 514 2994 auat
533 2944 626 2995 τούτου
646 2944 722 3011 χάριν
738 2943 861 3008 εἰρῆσθαι
875 2944 1072 3012 φρονιμώτατον
1087 2947 1154 2994 εἰναι
1167 2945 1273 2996 πάντων
1285 2947 1331 2996 τὸν
1344 2947 1414 3014 ὄφιν.

347 3037 399 3086 Καί
416 3037 464 3099 τἠν
482 3033 658 3084 πολυέλικτον
678 3034 708 3082 δέ
727 3037 779 3083 τῶν
798 3033 933 3098 ἡμετέρων
952 3034 1065 3102 ἐντέρων
1084 3033 1160 3085 θέσιν
1179 3034 1224 3085 τοῦ
1244 3035 1332 3102 ὀρέως
1346 3049 1417 3099 περι-

347 3124 455 3174 κεῖσθαι
473 3125 504 3172 τὸ
523 3127 606 3187 σῶμα,
625 3121 763 3173 δεικνῦσαν
781 3124 829 3187 τὴν
848 3123 983 3186 ζωογονον
1001 3125 1098 3187 σοφίαν
1117 3127 1163 3174 τοῦ
1182 3125 1280 3188 ὄφεως.

425 3297 445 3334 1.
464 3281 563 3333 Ἀλλοι
582 3283 621 3342 δέ,
640 3281 685 3342 οὓς
704 3281 817 3342 Καϊνοθς
836 3281 1002 3346 ὀνομάζουσι,
1014 3284 1062 3332 καί
1073 3283 1119 3332 τὸν
1135 3283 1201 3334 Κυίϊν
1221 3285 1299 3348 φασίν
1319 3285 1352 3335 έκ
1367 3291 1417 3351 τῆς

349 3372 455 3423 ἄνωθεν
473 3368 616 3432 αὑθεντίας
633 3369 827 3434 λελυτρῶσθαι,
845 3371 892 3420 aaut
910 3372 955 3420 τὸν
974 3371 1066 3432 Ἠσαῦ,
1084 3373 1188 3421 καὶτὸν
1202 3373 1417 3438 Κορέ,τιαίτους

350 3457 503 3526 Σοδομίτας,
521 3463 568 3510 aaut
585 3461 685 3522 πάντας
704 3461 734 3510 δέ
752 3459 813 3521 τοὺς
832 3460 975 3521 τοιούτους,
994 3464 1131 3524 συγγενεῖς
1150 3457 1232 3522 ἰδίους
1247 3462 1417 3528 ὁμολογοῦσι.

351 3552 403 3602 Καὶ
421 3551 529 3611 τούτους
548 3551 598 3600 ὑπὸ
610 3551 657 3614 μὲν
670 3554 716 3600 rob
728 3549 838 3615 ποιητοῦ
856 3549 1009 3615 μισηθῆναι,
1028 3545 1158 3616 μηδεμίαν
1172 3552 1202 3601 δὲ
1216 3551 1315 3616 βλάβην
1332 3555 1418 3604 εἰσδέ-

351 3640 462 3699 ξασθαι·
481 3640 498 3704 η
518 3641 569 3703 γὰρ
588 3641 668 3702 σοφία
686 3639 750 3703 ὅπερ
769 3641 841 3704 εῐχεν
860 3639 889 3688 έν
908 3639 1005 3700 αὐτοῖς,
1024 3639 1174 3704 ἀνήρπασεν
1188 3639 1217 3700 ἐξ
1230 3641 1325 3691 αὐτῶν.
1364 3643 1419 3694 Keat

389 3820 430 3885 (ι)
450 3817 488 3869 Ex
507 3817 548 3869 his
567 3817 667 3869 duobus
687 3817 858 3886 paragraphis
912 3815 1118 3888 quibuscumque
1137 3817 1335 3888 systematibus.

353 3903 406 3956 fere
416 3901 527 3954 totidem
541 3901 642 3953 articuli
656 3900 716 3953 fidei
727 3901 859 3970 ophiticae
948 3901 990 3968 (2)
1005 3899 1065 3953 Gn:
1074 3901 1271 3972 prudentiorem.
1304 3902 1421 3955 Marma.

353 3998 417 4058 quot
436 3987 463 4038 in
483 3997 574 4038 nostro
587 3985 710 4056 symbolo
729 3997 790 4037 sunt
805 3986 859 4038 cot·
914 3984 947 4050 X,
971 4000 1009 4053 17.

354 4073 435 4142 ligere
453 4071 522 4124 ticet.
559 4070 613 4122 Ubi
631 4068 745 4122 imitatio
764 4069 860 4122 doctri·
949 4069 991 4138 (3)
1010 4068 1064 4122 ctr.
1084 4071 1201 4140 superius
1220 4071 1289 4123 dicta
1308 4083 1334 4124 et
1354 4089 1425 4142 quae

354 4173 448 4208 narum
482 4154 694 4218 christianarum,
721 4154 807 4224 magis
835 4165 860 4207 et
914 4169 946 4206 ex
959 4153 1050 4206 Eeretr.
1065 4172 1088 4224 p.
1104 4169 1164 4216 222,
1177 4167 1232 4208 not.
1249 4168 1260 4221 3
1276 4155 1361 4208 attuli.

355 4240 431 4292 latius
459 4239 613 4309 perspicitur
640 4256 719 4308 quam
748 4238 775 4290 in
803 4239 861 4291 aliis
951 4240 993 4306 (4)
1013 4238 1032 4290 1.
1049 4255 1071 4291 e.
1091 4239 1191 4291 malum
1211 4239 1350 4310 accepisse.
