3172 5044
348 439 390 505 88
638 457 765 504 risuum
784 457 943 502 inversus
963 457 1118 503 unnuesss
1241 456 1284 524 pl,
1303 457 1412 521 5-111‚1

344 651 550 740 prehensibile
574 653 650 734 eius,
669 650 753 740 quod
780 651 907 738 quidem
931 651 1015 717 filius
1038 668 1094 718 est.
1106 653 1140 705 (¹)
1185 653 1224 718 Et
1247 651 1321 719 haec
1344 655 1416 740 qui·

343 758 417 826 dem
430 761 483 847 qui
499 781 582 824 nunc
598 759 732 824 emissus
747 774 811 823 erat
831 757 976 824 Christus
991 759 1023 824 in
1038 759 1083 824 eis
1099 775 1245 846 operatus
1261 776 1316 824 est.

413 869 442 931 6.
467 866 600 953 Spiritus
623 887 700 930 vero
723 880 848 930 sanctus
872 862 1058 951 adaequatos
1085 887 1140 930 eos
1163 887 1275 931 omnes
1298 867 1414 952 gratias

344 995 436 1062 agere
458 971 575 1054 docuit,
596 989 625 1038 et
644 995 753 1037 veram
778 973 918 1061 requiem
941 969 1072 1038 induxit.
1127 973 1165 1038 Et
1188 973 1233 1038 sic
1258 971 1361 1039 forma
1383 991 1416 1038 et

345 1080 497 1145 sententia
508 1079 629 1144 similes
643 1077 741 1144 factos
757 1079 882 1144 Aeonas
895 1076 1013 1158 dicunt,
1030 1079 1195 1144 universos
1212 1077 1310 1145 factos
1326 1079 1415 1146 Noas

345 1202 376 1252 et
399 1185 517 1273 Logos,
534 1202 564 1251 et
587 1207 700 1250 omnes
723 1183 917 1272 Anthrop05‚
937 1200 967 1250 et
985 1207 1098 1250 omnes
1123 1183 1287 1250 Christos:
1312 1202 1342 1250 et
1369 1184 1416 1251 fe-

345 1293 446 1357 minas
464 1291 607 1357 similiter
621 1313 733 1357 omnes
752 1289 904 1370 Alethias‚
920 1307 950 1356 et
963 1291 1052 1369 Zoas,
1069 1307 1099 1357 et
1119 1289 1301 1377 Spiritus,(²)
1316 1308 1346 1357 et
1356 1291 1416 1358 Ec-

345 1398 464 1464 clesias.
512 1397 706 1465 Confirmata
722 1420 847 1484 quoque
863 1399 895 1462 in
915 1396 974 1462 hoc
999 1398 1116 1478 omnia,
1140 1413 1171 1463 et
1189 1399 1415 1486 requiescentia

345 1504 383 1572 ad
407 1505 590 1593 perfectum,
607 1527 678 1570 cum
704 1527 821 1591 magno
844 1502 958 1592 gaudio
981 1501 1087 1570 dicunt
1103 1501 1285 1590 hymnizare
1298 1504 1416 1591 Propa-

346 1630 460 1692 torem,
477 1635 608 1699 magnae
627 1601 826 1676 exultationis
849 1609 1095 1697 participantem.
1144 1610 1181 1675 Et
1205 1627 1330 1697 propter
1352 1609 1414 1675 hoc

346 1719 544 1798 beneficium,
566 1741 626 1783 una
650 1717 808 1782 voluntate
829 1733 858 1782 et
874 1717 1037 1792 sententia,
1061 1716 1244 1782 universum
1269 1715 1413 1782 Pleroma

347 1933 400 1995 καὶ
425 1929 607 2016 μορφώσεως
628 1933 662 1994 τὸ
685 1930 879 2012 καταληπτὸν
901 1931 1004 2010 αὐτοῦ,
1027 1930 1051 2013 ᾧ
1074 1929 1110 2014 δὴ
1134 1926 1195 2004 υἱὸς
1215 1930 1304 1992 ἐστιν.
1352 1931 1416 1994 Καὶ

346 2047 440 2101 ταῦτα
464 2040 519 2122 μὲν
537 2037 553 2099 ὁ
572 2037 638 2120 ἄρτι
655 2035 839 2121 προβληθεὶς
862 2035 993 2120 Χριστὸς
1011 2036 1042 2098 ἐν
1061 2037 1160 2111 αὐτοῖς
1183 2035 1414 2120 ἐδημιούργησε.

415 2145 444 2207 6.
469 2143 515 2206 Τὸ
538 2145 572 2208 δὲ
594 2143 626 2206 ἓν
650 2142 774 2226 Πνεῦμα
797 2146 831 2206 τὸ
854 2145 939 2226 ἅγιον
958 2141 1156 2219 ἐξισωθέντος
1175 2144 1282 2218 αὐτοὺς
1300 2141 1415 2218 πάντας

346 2253 531 2335 εὒχαμτστεῖν
553 2248 678 2330 ἐδίδαξε,
702 2251 754 2311 καὶ
776 2251 830 2332 τὴν
852 2248 1000 2332 ἀληθινὴν
1022 2247 1189 2310 ἀνάπαυσιν
1219 2248 1413 2332 εἰσηγήσατο.

348 2357 451 2432 Οὕτως
475 2377 506 2419 τε
530 2366 629 2440 μορφῇ
652 2357 704 2418 καὶ
722 2354 827 2438 γνώμη
844 2357 928 2432 ῐσσος
950 2356 1180 2438 κατασταθῆναι
1203 2360 1272 2430 τοὺς
1295 2355 1435 2434 Αἰῶνας,

346 2461 478 2546 λέγουσι,
491 2462 602 2538 πλντας
614 2460 790 2545 γενομένους
803 2461 896 2544 Num,
909 2464 961 2524 καὶ
972 2461 1085 2537 πάντας
1099 2461 1226 2546 Λόγους,
1240 2464 1292 2526 καὶ
1303 2463 1416 2539 πάντας

345 2567 558 2655 Ἀνθρώπους
571 2571 623 2631 καὶ
634 2567 746 2645 πάντας
758 2567 921 2652 Χριστούς·
930 2569 983 2631 καὶ
993 2571 1047 2643 τὰς
1056 2567 1183 2652 θηλείας
1195 2569 1302 2652 ὁμοίως
1313 2569 1415 2645 πασας

347 2674 526 2760 Ἀληθείας,
549 2677 601 2737 καὶ
623 2675 721 2751 πασας
748 2675 845 2757 Ζωὰς,
869 2677 921 2738 καὶ
944 2674 1117 2758 Πνεὺματα,
1141 2678 1194 2738 καὶ
1217 2675 1414 2760 Ἐκκλησλας.

346 2780 556 2866 Στηριχθέντα
575 2781 608 2843 δὲ
628 2779 677 2842 ἐπὶ
695 2779 790 2863 τούτῳ
814 2782 852 2842 τὰ
874 2779 942 2860 ὅλα,
966 2780 1019 2842 καὶ
1037 2780 1275 2864 ἀναπαυσᾶιμενα
1294 2781 1415 2863 τελέως,

347 2890 423 2970 μετὰ
452 2887 586 2972 μεγάλης
618 2897 716 2972 χαρᾶς
738 2888 827 2970 φησὶν
857 2886 985 2970 ὑμνῆσαι
1008 2889 1059 2949 τὸν
1084 2887 1276 2970 Προπάτορα,
1300 2887 1417 2971 πολλῆς

346 2994 506 3078 εὐφρασίας
529 2991 729 3078 μετασχόντα.
778 2995 840 3057 Καὶ
862 2993 937 3077 ὑπὲρ
959 3002 1012 3076 τῆς
1035 2996 1167 3070 struatur
1189 2995 1298 3077 ταύτης
1322 2993 1415 3080 βουλῇ

346 3110 399 3186 μιᾷ
422 3105 474 3164 καὶ
496 3099 600 3186 γνώμη
619 3105 653 3164 τὸ
671 3111 730 3163 πᾶν
754 3099 911 3184 Πλήρωμα
930 3109 988 3163 τῶν
1007 3099 1141 3183 Αῑώνων,
1165 3103 1416 3178 συνευδοκοῦντος

382 3257 424 3324 (1)
438 3276 450 3304 u
461 3255 497 3308 Ut
509 3255 600 3326 reliqui
611 3255 716 3308 Aeones
726 3254 753 3306 in
766 3253 853 3306 Plero-
944 3255 984 3322 (2)
996 3253 1106 3324 Spiritus
1120 3254 1253 3308 Gnosticis
1266 3254 1364 3308 semina
1377 3268 1417 3308 est

350 3360 363 3388 «ι
373 3352 444 3392 mate
456 3356 621 3410 perseverare
633 3340 733 3408 possint
746 3338 855 3408 requiri·
907 3351 948 3417 (ut
967 3351 1086 3404 hebraeis
1106 3349 1168 3416 Πηη
1187 3351 1291 3417 Ruach)
1311 3363 1336 3405 ες
1355 3369 1417 3405 cum

350 3443 363 3472 u
373 3435 416 3476 tur
437 3436 465 3476 ut
487 3435 632 3493 agnoscant
651 3424 756 3475 Patrem
782 3439 853 3474 com·
908 3453 1015 3506 Christo
1027 3471 1039 3506 s

350 3507 500 3577 «prehendi
519 3524 575 3559 non
600 3521 676 3577 posse
697 3505 755 3573 (cfr.
775 3507 791 3558 l.
808 3505 854 3570 IV,

350 3611 363 3640 ι(
380 3588 405 3654 6,
423 3606 453 3657 4;
474 3591 535 3644 Exc.
555 3590 643 3643 Theoti.
661 3605 675 3658 7
692 3591 774 3661 sqq.):
791 3607 854 3642 narn

349 3675 562 3745 «comprendere
577 3692 637 3728 eum
653 3687 692 3727 est
706 3691 783 3726 causa
797 3691 853 3743 pcr-

350 3781 362 3809 «
373 3759 546 3812 severationis
559 3760 619 3812 huic
633 3771 737 3812 tantum
751 3758 795 3829 qui
809 3775 853 3828 gc-

350 3845 475 3898 «neratio
502 3855 541 3896 est
561 3856 585 3896 et
605 3845 703 3913 species
731 3843 853 3894 Patris».

347 3928 394 3980 His
412 3928 535 3980 omnibus
550 3928 697 3996 completur
709 3929 793 3997 gnosis
813 3943 854 3978 su·

345 4013 432 4083 perior
451 4029 501 4082 qua
521 4012 639 4080 superior
654 4011 767 4062 mundus
780 4010 854 4062 resti·

346 4098 436 4150 tuitur.
447 4097 544 4148 -Alii
557 4108 648 4148 tamen
664 4095 739 4148 aliter
752 4093 854 4146 difficil-

347 4183 441 4234 limum
457 4182 526 4234 huuc
547 4182 634 4233 locum
654 4190 797 4250 exponunt.

1041 3455 1166 3525 yzygiam
1180 3454 1248 3508 lucit.
1272 3453 1417 3508 Unificatio

908 3551 997 3590 autem
1017 3539 1132 3590 ostendit
1148 3539 1277 3591 unitatem
1297 3540 1417 3592 substan·

908 3621 960 3674 tiae
970 3633 995 3674 et
1006 3621 1182 3692 perfectionis,
1190 3640 1241 3694 qua
1248 3625 1355 3676 Aeones
1361 3641 1418 3676 non

908 3706 960 3758 sint
973 3706 1138 3776 concipiendi
1148 3707 1199 3760 nisi
1209 3719 1345 3778 tamquam
1359 3725 1417 3760 mo·

908 3800 998 3840 menta
1017 3790 1203 3860 psychologica
1220 3791 1246 3842 in
1264 3790 1418 3843 evolutione

908 3874 979 3926 vitae
988 3874 1102 3926 divinae.
1141 3873 1194 3928 Cfr.
1208 3874 1348 3928 Tnuruu..
1358 3875 1377 3926 l.
1392 3891 1414 3926 c.

908 3975 934 4028 p.
959 3973 1007 4027 539
1027 3959 1068 4010 vel
1088 3959 1175 4028 potius
1200 3957 1262 4010 Exc.
1290 3956 1362 4010 Teod.
1386 3973 1417 4026 32

909 4053 953 4093 aut
973 4041 1071 4112 Et'oug.
1094 4041 1196 4094 Mariae
1214 4043 1247 4095 de
1266 4059 1317 4113 quo
1337 4059 1359 4095 c.
1375 4057 1418 4113 29,

909 4127 982 4196 plura
1002 4127 1112 4178 dicenda
1131 4139 1216 4179 erunt.
