3274 5100
209 465 420 536 (xt'111,6-7).]
601 470 692 517 staua
715 470 879 517 secuuous
1211 469 1270 534 371

206 664 308 744 Vitae,
333 662 433 731 adhuc
457 664 551 730 etiam
575 663 703 744 Sensds,
723 681 753 731 et
777 664 837 730 Dei
861 665 1048 730 emissiones
1072 662 1276 730 obstetrican-

206 786 266 848 tes;
285 792 364 857 quae
386 785 492 835 autem
508 792 546 835 ex
563 769 611 836 bis
630 792 695 836 non
719 769 930 837 verisimiliter
946 787 977 836 et
993 771 1060 837 sine
1084 771 1275 849 ostensione,

207 879 313 942 omnia
334 898 372 943 ex
391 875 539 942 omnibus
563 877 686 943 mentiti
709 877 830 944 sunt.(¹>
854 875 1137 958 Quemadmodum
1155 877 1208 965 qui
1228 899 1276 941 as-

207 1001 308 1049 suetas
324 1005 422 1063 escas,
437 1000 469 1049 et
483 1000 517 1049 ut
533 982 711 1064 illiciant,(³l
733 984 946 1071 praemittunt,
963 985 1008 1049 uti
1028 983 1127 1071 capiat
1151 981 1274 1070 aliquod

206 1089 332 1170 animal,
352 1091 470 1156 sensim
487 1087 679 1156 blandientes
695 1089 740 1156 eis
759 1111 815 1178 per
830 1106 951 1156 assueta
975 1087 1096 1177 pabula,
1113 1112 1276 1178 quousque

206 1197 373 1284 accipiant;
399 1212 558 1264 sumentes
581 1213 686 1262 autem
711 1218 746 1262 ea
770 1197 901 1284 captiva,
922 1196 1050 1284 alligant
1069 1197 1275 1277 amarissime,

206 1321 236 1369 et
258 1301 376 1370 ducunt
400 1327 454 1391 per
477 1303 544 1370 vim
566 1302 780 1370 abstrahentes
803 1324 1004 1390 quocumque
1026 1303 1084 1391 ipsi
1104 1303 1275 1370 voluerint:

206 1411 250 1475 sic
267 1426 372 1476 autem
391 1427 422 1476 et
435 1409 473 1475 ¹hi
491 1409 639 1497 paulatim
664 1409 818 1475 mansueti
833 1407 1047 1476 dissuadentes
1059 1409 1093 1463 (³)
1107 1431 1161 1496 per
1176 1407 1276 1496 pitha-

206 1516 367 1604 nologiam
387 1538 546 1582 assumere
570 1514 759 1604 praedictam
783 1517 1001 1596 emissionem,
1021 1514 1159 1582 inferunt
1175 1537 1276 1602 neque

206 1623 419 1710 congruentia,
436 1644 537 1709 neque
553 1623 694 1710 opinatas
711 1621 901 1711 reliquarum
917 1623 1127 1688 emissionum
1147 1623 1275 1709 species,

207 1753 245 1794 ex
261 1728 351 1815 Logo
374 1726 502 1815 quidem
521 1744 552 1794 et
575 1728 639 1793 Zoe
662 1726 800 1818 [decem]
823 1726 962 1795 dicentes
980 1730 1107 1796 Aeonas
1130 1729 1275 1810 emissos,

206 1833 244 1900 de
268 1835 435 1922 Anthropo
458 1851 564 1900 autem
587 1852 618 1900 et
641 1835 790 1917 Ecclesia,
813 1833 999 1902 duodecim:
1024 1855 1055 1903 et
1079 1835 1194 1902 borum
1218 1857 1274 1900 nec

206 1941 432 2020 ostensionem,
453 1962 510 2006 nec
533 1941 724 2023 testimonia,
743 1963 801 2008 nec
825 1941 1142 2023 verisimilitudinem,
1162 1963 1219 2007 nec
1243 1942 1275 2008 in

206 2061 309 2112 totum
322 2045 436 2133 aliquid
452 2047 563 2112 talium
581 2045 739 2128 babentes
756 2045 869 2114 frustra
885 2064 989 2114 autem
1006 2065 1037 2114 et
1052 2063 1145 2136 prout
1161 2049 1275 2128 euenit,

206 2151 289 2219 credi
305 2153 426 2234 volunt,
447 2177 484 2218 ex
503 2153 594 2241 Logo
613 2169 644 2219 et
660 2154 723 2220 Zoe
742 2155 861 2220 Aeonis
880 2153 1274 2230 exsistentibusemissum

205 2284 273 2326 esse
286 2260 437 2347 Bytlrium
456 2278 486 2327 et
506 2262 618 2341 Mittin,
637 2260 891 2328 Insenescibilem
911 2278 942 2328 et
960 2262 1158 2343 Unitionem,
1173 2261 1276 2328 Natu-

205 2368 303 2433 ralem
326 2384 356 2433 et
379 2367 665 2448 Delectamentum,
689 2366 893 2434 immobilem
916 2385 947 2434 et
971 2368 1276 2456 Contemperamen-

206 2492 285 2555 tum,
309 2474 525 2560 Monogenem
554 2489 584 2538 et
612 2474 798 2540 Macarium.
849 2474 899 2540 De
923 2473 1090 2562 Antltropo
1116 2489 1222 2540 autem
1246 2489 1276 2539 et

206 2582 344 2648 Ecclesia
368 2580 511 2646 similiter
535 2581 654 2646 Aeonis
678 2578 898 2648 exsistentibus
922 2582 1073 2647 emissum
1099 2603 1167 2646 esse
1183 2581 1277 2646 Para-

206 2689 322 2755 cletum
347 2705 377 2754 et
400 2688 512 2768 Pistin,
536 2687 682 2753 Patricon
705 2703 736 2753 et
759 2687 879 2774 Elpida,
900 2688 1058 2753 Metricon
1081 2704 1112 2752 et
1134 2689 1274 2775 Agapen,

206 2795 325 2860 Ainum
349 2811 379 2859 et
403 2794 549 2881 Synesin,
566 2793 817 2860 Ecclesiasticum
838 2811 868 2860 et
884 2794 1096 2875 Macarioteta,
1117 2793 1276 2859 Theleton

206 2918 236 2966 et
261 2899 462 2988 Sophiam.(⁴l
664 2887 666 2891 ’

275 3028 304 3091 9.
328 3008 430 3074 Huius
449 3025 554 3073 autem
574 3005 709 3095 Sophiae
727 3009 890 3095 passiones
906 3023 936 3074 et
952 3029 1104 3087 errorem,
1120 3024 1150 3073 et
1166 3029 1277 3096 quem-

207 3111 377 3180 admodum
403 3113 573 3201 periclitata
588 3130 635 3178 est
651 3115 750 3200 perire
770 3131 894 3202 propter
914 3115 1149 3202 inquisitionem
1165 3114 1275 3193 Patris,

206 3218 475 3308 quemadmodum
499 3220 655 3302 dicunt‚(⁵)
678 3238 708 3287 et
732 3240 817 3288 extra
839 3223 986 3289 Pleroma
1005 3222 1277 3310 operositatem,(⁶)

242 3439 284 3504 (1)
303 3438 379 3491 quta
395 3437 517 3510 Harvey:
533 3441 551 3490 ἃ
566 3442 597 3491 δι
615 3441 716 3491 τούτων
770 3459 795 3493 v.
812 3440 890 3510 prael.
907 3441 927 3504 l,
949 3456 960 3509 3
978 3439 1015 3492 fin
1034 3441 1072 3509 (p.
1089 3438 1144 3507 76).

207 3524 356 3586 ἀπεικότως
375 3522 403 3590 (l.
424 3523 574 3586 ἀπιθάνως)
590 3526 637 3574 καί
652 3525 716 3574 ἀνα·
807 3525 847 3592 (4)
858 3525 911 3578 Csr.
923 3525 942 3590 l,
953 3541 970 3590 1,
982 3541 1005 3578 2.
1042 3525 1203 3594 Singillatim
1212 3525 1277 3578 haec

207 3609 356 3669 παδιῑκτως
374 3609 539 3658 παντάπασιν
559 3609 694 3672 perideum.
770 3611 879 3662 nomina
893 3627 948 3663 non
962 3609 1056 3662 refellit
1075 3626 1156 3680 quum
1176 3626 1230 3662 non
1246 3627 1277 3662 ex

243 3691 284 3756 (2)
302 3689 386 3759 Magis
402 3690 501 3742 evolvit
517 3707 621 3759 argum.
636 3688 715 3759 praef.
770 3695 909 3765 Scripturis
923 3694 968 3747 sed
987 3711 1019 3747 ex
1039 3694 1148 3747 arbitrio
1166 3693 1227 3746 sint.

207 3773 226 3831 l,
250 3789 259 3826 r
282 3779 319 3843 (p.
340 3776 385 3842 71)
405 3775 582 3844 propositum:
604 3780 626 3826 el
644 3781 672 3827 ut
686 3774 716 3826 il·
805 3785 848 3846 (5)
867 3778 921 3831 Csr.
940 3779 961 3844 l,
983 3795 1011 3843 11,
1031 3793 1046 3831 2
1065 3781 1105 3848 (p.
1120 3778 1177 3846 82).

207 3857 293 3908 lirion!
312 3876 350 3928 gr.
371 3862 546 3924 ἐπαγομένας.
805 3863 848 3932 (6)
865 3863 1032 3929 πραγματεία
1050 3879 1117 3932 quae
1139 3863 1174 3915 ita
1196 3862 1277 3914 etiam

242 3943 283 4012 (3)
301 3943 395 4006 Locus,
419 3944 544 4014 quidquid
560 3944 630 3996 dicat
650 3943 717 3996 Har·
769 3946 837 4000 inira
860 3947 989 4011 redditur;
1015 3946 1076 3999 alibi
1095 3963 1159 3999 vero
1178 3945 1278 4016 simpli-

206 4044 266 4098 sey,
287 4027 364 4097 plane
383 4041 520 4098 corruptus
539 4041 565 4081 et
579 4027 716 4081 felicitera
769 4031 835 4085 citer
853 4031 979 4101 dispositio
1008 4030 1092 4097 (Vlll,
1117 4045 1144 4094 11,
1169 4047 1194 4100 p.
1216 4034 1278 4097 130)

207 4116 322 4169 llassuct
336 4133 382 4186 per
401 4138 413 4166 u
424 4117 539 4170 adsuetis
552 4117 592 4170 his
606 4117 716 4169 suaden-
770 4115 812 4167 vel
829 4117 960 4185 negotiulr'o
974 4114 1032 4182 (Ill,
1045 4130 1063 4179 1,
1076 4131 1100 4185 p.
1115 4114 1170 4184 89).
1180 4145 1198 4152 -
1210 4113 1277 4166 Rem

210 4222 222 4248 u
233 4212 271 4252 tes
282 4221 295 4250 u
324 4201 484 4253 restitutum.
530 4200 716 4270 Pillrauologr'a,
770 4215 835 4252 vero
853 4197 898 4251 csr.
918 4215 976 4268 cap.
993 4213 1021 4251 lv
1037 4216 1092 4270 sqq.
1112 4199 1149 4269 (p.
1164 4197 1219 4269 96).
