3274 5100
378 465 439 548 346
663 485 790 531 raanan
814 485 974 530 aoveasus
997 484 1152 530 naereses
1297 481 1368 551 [alt
1390 497 1442 550 3-7

373 701 441 745 esse
465 680 532 745 sine
555 678 710 746 Thelet0:
735 694 765 745 et
789 679 890 744 soluta
914 694 961 744 est
984 680 1125 766 ipsorum
1143 701 1251 745 rursus
1268 679 1372 744 omnis
1391 702 1444 744 ar-

373 787 578 872 gumentatio
630 783 733 876 [WH.
759 785 856 865 XIII,
882 783 934 874 3].Ι
986 785 1035 851 De
1059 787 1203 872 passione
1222 786 1321 867 enim,
1344 808 1444 873 quam

375 892 441 956 sine
465 892 681 979 complexione
710 893 853 980 coniugis
876 914 1001 979 passam
1025 915 1095 958 eam
1118 891 1236 972 dicunt,
1260 895 1374 959 iterum
1395 916 1446 958 re·

375 998 492 1086 liquam
515 1000 694 1066 universam
718 999 803 1064 velut
825 998 1003 1087 tragoediae
1026 1000 1293 1087 compositionem
1313 998 1446 1066 affinxe-

375 1122 457 1172 runt.

422 1209 426 1212 ’
441 1237 471 1298 4.
495 1212 527 1279 Si
547 1228 651 1278 autem
668 1210 863 1299 impudorate
878 1228 907 1277 et
924 1212 1057 1301 reliquas
1072 1212 1309 1300 coniugationes
1323 1210 1445 1279 disiun-

374 1335 438 1385 ctas
457 1317 494 1384 ab
518 1319 655 1385 invicem
670 1317 802 1384 dixerint
822 1341 889 1384 esse
906 1335 1070 1406 separatas,
1088 1335 1213 1406 propter
1231 1312 1442 1386 novissimam

374 1429 694 1515 coniugationem‚uti
710 1451 774 1494 non
791 1428 929 1494 solvatur
943 1427 1071 1494 illorum
1088 1427 1319 1515 vaniloquium;
1334 1429 1442 1516 primo

374 1534 501 1622 quidem
532 1534 719 1622 impossibili
749 1535 897 1600 insistunt
925 1535 979 1600 rei.
1041 1532 1325 1616 Quemadmodum
1354 1536 1440 1601 enim

375 1641 558 1729 separabunt
583 1623 787 1728 Propatorem
812 1639 849 1706 ab
873 1640 1001 1708 Ennoea
1024 1641 1102 1720 eius,
1131 1656 1183 1706 aut
1205 1641 1280 1708 Nun
1306 1639 1343 1706 ab
1367 1639 1444 1707 Ale-

373 1745 447 1825 thia,
472 1762 523 1811 aut
546 1746 660 1833 Logon
683 1769 700 1811 a
724 1747 797 1824 Zoe,
821 1761 851 1811 et
880 1746 1018 1835 reliquos
1052 1745 1214 1811 similiter?
1277 1746 1443 1827 Quemad-

375 1851 506 1918 modum
533 1868 635 1918 autem
661 1869 691 1917 et
714 1853 773 1940 ipsi
797 1851 833 1918 ad
864 1847 1015 1918 unitatem
1039 1874 1197 1918 recurrere
1226 1850 1388 1932 dicunt,(¹)
1411 1871 1443 1920 et

374 1981 486 2024 omnes
509 1981 608 2024 unum
632 1981 710 2040 esse,
734 1960 761 2024 si
784 1957 910 2046 quidem
931 1958 999 2040 hae,
1014 1981 1093 2046 quae
1109 1975 1181 2026 sunt
1200 1959 1279 2025 intra
1295 1959 1442 2025 Pleroma

375 2067 610 2153 coniugationes
625 2067 776 2132 unitatem
793 2087 857 2131 non
874 2063 1065 2145 custodiunt,
1080 2063 1134 2132 sed
1149 2063 1299 2133 distantes
1316 2084 1387 2132 sunt
1404 2068 1443 2133 ab

374 2175 522 2254 invicem,
546 2175 578 2238 in
601 2189 724 2240 tantum
748 2174 792 2239 uti
816 2189 846 2239 et
870 2175 1034 2260 patiantur,
1050 2189 1080 2238 et
1107 2190 1257 2261 generent
1280 2175 1348 2239 sine
1366 2174 1444 2241 alte-

374 2282 437 2345 rius
461 2280 638 2368 complexu,
662 2279 932 2368 quemadmodum
955 2280 1088 2368 gallinae
1112 2282 1179 2346 sine
1202 2278 1443 2368 caponibus?<=>

444 2409 471 2473 5.
496 2387 600 2478 [WH.
625 2388 719 2468 XIV,
743 2386 783 2478 r].
840 2388 1003 2469 Quourau
1034 2407 1065 2453 ru
1098 2407 1211 2453 nonen
1239 2387 1442 2454 Pteaouatu

374 2516 442 2562 nou
467 2487 615 2562 borenna
639 2496 777 2562 Veassuu
802 2516 842 2561 er
866 2496 1046 2563 Suaunun
1070 2515 1148 2561 esse.
1208 2495 1285 2561 Post
1307 2494 1440 2562 demum

373 2619 403 2669 et
427 2603 470 2668 sic
491 2603 630 2668 solvetur
645 2602 773 2668 illorum
790 2623 916 2668 rursum
932 2602 1031 2689 prima
1052 2617 1082 2666 et
1098 2600 1293 2689 archegonos
1309 2601 1440 2690 ogdoas.

374 2709 472 2776 Erunt
496 2711 581 2776 enirn
601 2708 772 2795 specialiter
791 2710 824 2774 in
847 2706 960 2774 eodem
977 2708 1154 2774 Pleromate
1171 2707 1292 2794 Bythos
1309 2724 1338 2774 et
1354 2707 1441 2795 Sige,

373 2817 442 2884 Nus
458 2833 488 2882 et
505 2815 639 2897 Alethia‚
654 2815 762 2902 Logos
776 2831 806 2881 et
823 2817 896 2894 Zoe,
919 2814 1103 2902 Anthropos
1127 2830 1157 2880 et
1181 2813 1329 2880 Ecclesia.
1376 2816 1442 2881 lm-

375 2923 520 3010 possibile
542 2938 590 2987 est
613 2938 728 3003 autem,
745 2923 836 3010 Logo
852 2937 1023 3009 praesente,
1039 2920 1134 3009 Sigen
1150 2943 1229 3000 esse,
1245 2937 1298 2986 aut
1314 2922 1441 3002 iterum,

374 3030 445 3117 Sige
469 3044 640 3117 praesente,
665 3023 778 3116 Logon
802 3027 934 3094 ostendi.
982 3027 1066 3094 Haec
1083 3027 1169 3093 enim
1184 3027 1442 3115 consumptibilia

374 3151 445 3200 sunt
468 3136 616 3214 invicem,
639 3131 908 3222 quemadmodum
932 3134 1041 3200 lumen
1065 3150 1095 3199 et
1118 3132 1262 3200 tenebrae
1278 3135 1310 3199 in
1327 3133 1441 3201 eodem

374 3265 568 3330 nequaquam
593 3259 700 3321 erunt3
725 3240 778 3307 sed
804 3242 829 3306 si
852 3238 980 3328 quidem
1004 3240 1111 3306 lumen
1136 3241 1186 3322 sit,
1211 3263 1274 3306 non
1299 3257 1371 3306 sunt
1394 3258 1442 3307 te-

374 3348 500 3416 nebrae:
524 3348 576 3414 ubi
600 3343 705 3415 autem
721 3348 865 3414 tenebrae
882 3364 965 3429 sunt,
980 3370 1045 3413 non
1068 3349 1126 3414 erit
1149 3347 1275 3414 lumen:
1295 3349 1441 3417 veniente

374 3457 459 3520 enim
482 3455 611 3534 lumine,
636 3455 754 3521 solutae
778 3471 850 3520 sunt
873 3453 1027 3520 tenebrae.
1075 3454 1126 3521 Sic
1143 3452 1196 3521 ubi
1211 3470 1256 3520 est
1274 3455 1358 3543 Sige,
1374 3479 1441 3522 non

410 3631 450 3696 (ι)
470 3629 498 3682 ld
517 3630 623 3699 quidem
642 3646 742 3682 novum
766 3641 805 3682 est
830 3645 879 3681 nec
933 3627 977 3680 ubi
1007 3627 1129 3682 Gnostici
1162 3627 1284 3682 affectare
1318 3629 1443 3684 dicuntur

374 3713 446 3767 ullibi
465 3726 542 3766 antea
562 3713 731 3772 lr..dixerat:
752 3713 802 3766 nisi
822 3730 878 3765 om·
936 3710 1200 3782 «concupiscentiam
1220 3714 1442 3767 communicatio·

374 3797 438 3850 nino
450 3797 535 3863 aliter,
548 3813 578 3850 ac
588 3797 765 3850 communiter
784 3797 878 3866 accipi·
937 3815 950 3844 a
960 3796 1000 3848 nis
1013 3812 1074 3848 cum
1087 3813 1119 3850 eo
1132 3796 1246 3868 (Bytho)
1256 3809 1283 3850 et
1296 3798 1404 3852 unitatis
1414 3819 1440 3850 a.

374 3897 424 3946 tur,
432 3881 632 3953 intelligendum
642 3882 676 3934 sit
686 3881 749 3934 illud
760 3885 802 3934 ἐπὶ
811 3885 878 3944 ἑνός,
968 3881 1010 3948 (2)
1030 3879 1059 3931 ld
1081 3879 1200 3933 imitatur
1223 3879 1365 3934 Tentura.
1391 3882 1441 3935 Vu-

374 3965 465 4028 l‚v111,
480 3980 505 4031 4,
521 3983 545 4036 p.
560 3980 618 4033 137,
631 3964 700 4036 quod
714 3966 795 4018 etiam
811 3963 878 4017 infra
933 3963 989 4016 lent.
1004 3979 1047 4016 to:
1064 3965 1192 4017 «Miraris
1205 3964 1288 4018 haec?
1302 3977 1328 4019 et
1341 3966 1441 4036 gallina

374 4064 431 4114 Χιν,
445 4047 474 4102 6:
488 4069 501 4099 a
511 4067 555 4102 eas
567 4067 634 4120 quae
647 4061 707 4101 sunt
717 4049 745 4101 de
755 4066 804 4100 uno
816 4066 878 4102 con-
936 4069 950 4097 a
960 4050 1052 4102 sortita
1072 4061 1111 4102 est
1124 4049 1157 4102 de
1169 4066 1217 4104 suo
1230 4067 1356 4121 parere».
1385 4051 1440 4105 Cir.

377 4134 548 4204 «iugationes
576 4135 731 4187 annituntur
759 4134 878 4186 introdu-
932 4135 1009 4187 huius
1025 4133 1089 4186 Bibl.
1103 4149 1152 4187 ser.
1166 4135 1212 4199 ΙΙΙ,
1225 4136 1278 4188 vol.
1297 4134 1327 4198 t‘,
1339 4155 1365 4207 p.
1382 4151 1440 4204 553,

375 4233 478 4270 «cerea
490 4218 645 4270 insinuatur.
682 4217 735 4270 Cl'r.
743 4231 768 4270 et
776 4232 876 4285 xv111.7
933 4232 987 4271 not.
1008 4235 1017 4270 r
1036 4231 1062 4271 et
1078 4221 1127 4271 loc.
1145 4219 1178 4272 ibi
1195 4220 1296 4272 allatos.
