3288 5060
363 483 426 530 210
649 483 777 529 IRENAEI
801 483 961 530 ADVERSUS
985 483 1139 529 HAERESES
1276 479 1362 550 [XVL
1382 495 1428 532 t-2

361 693 419 759 est,
434 678 466 743 in
483 699 546 764 quo
563 692 609 743 est
626 674 745 763 ogdoas
761 693 791 742 et
806 673 899 742 decas
914 693 944 742 et
959 674 1160 744 duodecas.(¹)
1205 675 1430 743 Duodecadem

361 785 466 872 igitur,
479 782 613 871 eoquod
631 784 793 870 cpisemon
806 781 947 850 habuerit
963 801 1209 872 consequentem
1222 781 1291 864 sibi,
1305 798 1431 871 propter

361 892 526 980 episemon
556 890 734 978 passionem
766 889 932 957 vocant<²>
977 891 1015 956 Et
1044 906 1170 978 propter
1193 890 1253 956 hoc
1281 891 1362 955 circa
1386 909 1430 955 xtt

360 1019 533 1064 numerum
550 1018 648 1083 quum
668 992 751 1061 labes
766 994 919 1082 quaedam
935 995 1014 1062 facta
1038 995 1157 1076 luisset,
1177 1017 1271 1062 ovem
1296 996 1433 1061 luxuria-

361 1120 426 1171 tam
456 1101 631 1169 aberrasse:
663 1102 813 1190 quoniam
846 1104 1033 1190 apostasiam
1062 1125 1079 1168 a
1107 1101 1286 1170 duodecade
1317 1101 1431 1170 sactam

328 1255 331 1263 ·
361 1210 478 1278 dicunt.
526 1208 676 1277 Similiter
698 1225 728 1274 et
748 1231 765 1274 a
787 1207 966 1277 duodecade
993 1209 1212 1276 abscedentem
1244 1232 1340 1276 unam
1369 1210 1434 1274 vir-

362 1334 462 1385 tutem
479 1317 607 1404 periisse
622 1315 778 1382 divinant:
802 1332 833 1382 et
856 1315 935 1382 hanc
955 1339 1023 1382 esse
1047 1316 1213 1382 mulierem
1232 1339 1311 1404 quae
1331 1315 1434 1402 perdi-

362 1421 443 1490 derit
465 1419 661 1499 drachmam,
680 1438 709 1486 et
732 1419 908 1490 accenderit
931 1422 1103 1504 lucernam,
1123 1437 1153 1487 et
1177 1423 1331 1488 invenerit
1350 1444 1432 1488 eam.

364 1529 416 1595 Sic
439 1529 535 1616 igitur
558 1543 588 1593 et
611 1549 762 1593 numeros
794 1528 931 1615 reliquos
954 1529 987 1593 in
1017 1526 1175 1609 drachma,
1195 1528 1248 1615 qui
1272 1543 1345 1593 sum
1375 1550 1435 1594 no-

364 1637 486 1716 vem,<³)
510 1637 542 1701 in
565 1656 624 1700 ονε
649 1657 725 1701 vero
749 1635 907 1716 undecim,
930 1635 1093 1724 perplexos
1117 1635 1330 1724 sibimetipsis,
1356 1656 1433 1702 xcix

364 1764 533 1809 numerum
567 1763 733 1829 generare:
764 1743 916 1830 quoniam
947 1743 1058 1808 novies
1088 1739 1205 1808 undeni
1236 1761 1313 1808 xctx
1345 1741 1432 1808 hant.

365 1847 568 1934 Quapropter
591 1862 621 1912 et
654 1869 775 1912 «amen
790 1873 806 1910 »
841 1847 924 1914 hunc
949 1845 1060 1914 habere
1082 1847 1191 1914 dicunt
1214 1848 1435 1914 numerum.(⁴)

364 2009 384 2093 ἠ
406 2009 580 2094 τριακοντὰς
602 2007 778 2094 ἀνεδείχθη,
802 2009 834 2072 ἐν
856 2011 876 2092 ᾖ
900 2010 1009 2094 δχδολς
1031 2012 1083 2074 καὶ
1106 2010 1197 2086 δεκὰς
1219 2012 1271 2074 καὶ
1289 2009 1433 2088 δωδεκάς.

366 2113 430 2199 Τὴν
458 2117 511 2178 οὖν
537 2114 702 2196 δωδεκάδα,
726 2115 775 2178 διὰ
797 2119 831 2180 cb
854 2115 1003 2202 ἐπίσημον
1025 2115 1191 2202 ἐσχηκέναι
1212 2117 1435 2182 συνεπακολου-

364 2221 466 2306 θῆααν
489 2223 576 2305 αὐτῇ,
594 2225 628 2286 τδ
646 2219 793 2306 ἐπίσημον
810 2221 911 2298 πάθος
932 2221 1066 2308 λέγουσι.
1115 2223 1177 2288 Καὶ
1195 2224 1244 2288 διὰ
1261 2233 1349 2288 τοῦτο
1367 2225 1436 2308 περὶ

365 2331 415 2393 τὸν
438 2325 607 2392 δωδέκατον
624 2329 754 2413 ἀριθμὸν
772 2337 825 2392 τοῦ
844 2329 1020 2412 σφάλματος
1038 2329 1212 2414 γενομένου,
1231 2334 1266 2396 τδ
1284 2327 1436 2416 πρόβατον

366 2437 592 2519 ἀποσκιρτήσαν
603 2435 832 2519 πεπλανῆσθαι·
843 2435 947 2520 ἐπειδὴ
958 2437 1012 2520 τὴν
1019 2436 1186 2501 ἀπόστασιν
1194 2437 1254 2500 ἀπὸ
1267 2436 1436 2514 δωδεκάδος

274 2629 277 2638 Ι
366 2542 552 2628 γεγενῆσθαι
567 2541 726 2626 φάσκουσι.
775 2541 828 2625 Τῷ
843 2545 924 2626 αίιτῷ
940 2543 1040 2628 τρόπῳ
1055 2545 1108 2608 καί
1123 2544 1183 2607 ἀπδ
1198 2553 1251 2628 τῆς
1266 2543 1437 2620 δωδεκίιδος

367 2649 544 2712 ἀποστᾶσαν
568 2646 637 2730 μίαν
660 2647 781 2731 δύναμιν
805 2645 993 2712 ἀπολωλέναι
1017 2647 1227 2732 μαντεύονται·
1252 2651 1304 2713 καί
1326 2649 1436 2734 ταὺτην

367 2755 440 2818 εἶναι
463 2756 517 2838 τὴν
540 2763 669 2837 γυναῖκα
691 2757 745 2838 τὴν
767 2752 964 2819 ἀπολέσασαν
985 2758 1039 2838 τὴν
1066 2755 1214 2840 δραχμὴν,
1237 2757 1291 2820 καί
1314 2755 1437 2839 ἅψασαν

368 2860 488 2944 λύχνον,
505 2864 557 2924 καί
572 2862 716 2946 εὑροῦσαν
731 2861 834 2944 αὐτὴν.
873 2860 977 2939 Οδτως
992 2865 1044 2925 οὖν
1058 2865 1110 2926 καὶ
1124 2867 1192 2940 τοὺς
1207 2864 1355 2950 ἀριθμοὺς
1368 2869 1438 2942 τοὺς

367 2967 636 3052 καταλειφθέντας,
649 2971 699 3034 ἐπί
715 2971 771 3054 μὲν
785 2979 838 3054 τῆς
853 2969 989 3054 δραχμῆς
1003 2975 1071 3047 τοὺς
1086 2970 1181 3054 ἐννέα,
1194 2972 1244 3035 ἐπὶ
1255 2972 1288 3036 δέ
1299 2982 1353 3036 τοῦ
1364 2991 1437 3056 προ-

369 3075 461 3161 βάτου
475 3079 543 3152 τοὺς
558 3075 676 3157 ἐνδεκα,
693 3073 946 3160 ἐπιπλεκομένους
964 3075 1106 3160 ἀλλήλας
1121 3080 1171 3140 τὸν
1185 3087 1244 3142 τῶν
1259 3077 1438 3162 ἐνενηκοντα

370 3181 455 3246 ἐννέα
473 3181 582 3246 τίκτειν
596 3179 744 3268 ἀριθμόν·
763 3181 829 3246 ἐπεί
847 3181 964 3260 ἐννάκις
978 3186 1017 3248 τὰ
1031 3183 1139 3248 ἕνδεκα
1155 3184 1334 3268 ἐνενίμιοντα
1351 3183 1438 3249 ἐννέα

369 3287 490 3373 γίνεται.
538 3287 592 3351 Διδ
605 3290 659 3351 καί
669 3291 704 3351 τδ
722 3313 737 3348 ιι
750 3289 830 3372 ἀμὴν
845 3311 860 3348 n
874 3296 979 3351 τοῦτον
990 3287 1129 3373 λέγουσιν
1141 3289 1224 3375 ἐχειν
1234 3292 1285 3355 τδν
1297 3287 1437 3374 ἀριθμόν.

407 3450 449 3518 (ι)
469 3449 539 3502 Nam
560 3448 834 3524 2÷4†6÷8†
847 3466 878 3504 10
932 3451 1025 3504 ordine
1037 3468 1091 3505 non
1106 3465 1156 3518 est,
1176 3453 1222 3506 sed
1238 3453 1371 3508 additum:
1386 3454 1438 3510 hoc

370 3557 406 3584 =
419 3550 451 3603 30
461 3557 496 3584 =
508 3536 535 3604 [8
545 3535 581 3608 -l-
593 3553 624 3592 to
634 3535 670 3608 -l-
683 3537 735 3606 tal.
933 3533 954 3586 si
967 3533 1067 3599 demas,
1086 3551 1140 3588 non
1160 3550 1190 3588 12
1206 3535 1251 3588 sed
1269 3551 1295 3589 tt
1312 3553 1438 3590 numeros

408 3621 449 3686 (2)
469 3619 521 3672 Ubi
537 3619 669 3674 duodecas
682 3633 730 3686 est,
744 3633 783 3674 est
796 3620 877 3675 etiam
932 3618 1079 3685 habeslclr.
1096 3637 1173 3672 mox:
1190 3622 1217 3672 t'n
1239 3637 1282 3673 ove
1303 3638 1362 3673 atero
1386 3623 1439 3687 tr).

371 3703 507 3773 episemon
523 3702 622 3772 (6=l²)
633 3705 702 3775 quod
714 3706 794 3776 igitur
805 3705 878 3757 illam
932 3703 1058 3756 Ceterum
1083 3720 1123 3757 res
1151 3705 1261 3757 obscura
1282 3716 1330 3757 est.
1365 3705 1439 3758 Allu-

371 3787 549 3856 consequitur:
576 3790 713 3858 episemon
732 3801 831 3852 autem,
851 3799 879 3840 ot
934 3787 1022 3840 siones
1055 3787 1221 3857 scripturales
1252 3788 1440 3859 perpendimus

372 3871 495 3935 vidimus,
512 3873 662 3942 passionem
675 3873 773 3926 indicat
792 3877 879 3940 (serta
934 3889 956 3924 c.
976 3870 1022 3934 ΙΙΙ,
1044 3888 1066 3936 1,
1084 3877 1110 3925 et
1130 3889 1151 3926 c.
1171 3871 1243 3936 Vlll,
1262 3887 1288 3938 4.

372 3955 415 4009 die
433 3969 535 4010 creatus
553 3957 645 4022 homo,
664 3969 785 4011 mortuus
803 3957 879 4010 Chri·
969 3959 1013 4025 (3)
1038 3957 1133 4010 Mulier
1156 3957 1229 4010 enim
1257 3975 1273 4009 x
1298 3957 1439 4010 drachmas

372 4051 427 4093 stus
446 4051 472 4094 et
491 4040 597 4110 quidem
621 4041 687 4094 hora
709 4053 783 4094 serta
802 4042 879 4110 etc.);
934 4041 1047 4094 habebat
1060 4041 1139 4106 (Luc,
1150 4039 1209 4106 XV,
1225 4040 1268 4106 8),
1281 4058 1333 4094 una
1348 4041 1441 4111 deper-

373 4123 457 4176 immo
482 4124 550 4177 circa
575 4141 637 4178 eum
656 4125 728 4178 labes
749 4125 818 4178 facta
840 4138 880 4179 est
935 4125 998 4191 dita,
1017 4141 1115 4179 novem
1134 4136 1283 4196 supersum.

373 4209 433 4278 quia
459 4209 477 4260 l·'
505 4209 532 4260 in
560 4209 696 4262 literarum
725 4226 880 4280 graecarum
971 4210 1013 4277 (4)
1027 4209 1442 4281 A¹H⁴⁰H⁸N⁵⁰=99;hebraice
