3274 5100
232 468 322 536 (111‚1
347 468 396 538 at]
632 471 720 517 trusa
745 471 909 518 SECUNDUS
1241 472 1303 538 319

231 687 300 730 esse
323 664 423 730 Patris
448 663 694 731 fabricationem.
744 665 841 746 Quod
866 682 971 732 autem
988 689 1004 732 a
1024 666 1115 732 Patre
1139 668 1303 734 universo-

233 793 302 836 rum
328 788 433 837 mente
457 787 645 858 conceptum
677 790 724 839 est
749 787 780 838 et
802 770 1049 859 praeformatum
1073 775 1128 855 sic,
1152 773 1304 861 quemad-

234 875 365 944 modum
390 893 421 944 et
445 875 642 958 factumest,
666 875 743 943 labis
767 901 835 944 esse
859 877 961 945 dicere
986 878 1135 960 fructum,
1158 895 1189 945 et
1212 881 1303 968 igno-

233 985 349 1050 rantiae
372 983 592 1070 prolationem,
613 1007 744 1072 magnae
769 981 980 1073 blasphemiae
995 988 1087 1052 est.(¹)
1132 987 1199 1053 Erit
1214 989 1301 1053 enirn

233 1090 405 1158 secundum
429 1091 500 1158 illos
524 1091 616 1159 Pater
635 1094 781 1158 omnium
798 1093 971 1159 secundum
988 1117 1078 1160 suam
1095 1095 1210 1160 mentis
1226 1118 1302 1161 con-

233 1199 408 1286 ceptionem
433 1199 465 1264 in
488 1215 614 1285 pectore
638 1221 696 1264 suo
728 1196 805 1265 labis
833 1201 1020 1268 emissiones
1050 1217 1080 1268 et
1107 1203 1301 1289 ignorantiae

233 1303 351 1372 fructus
374 1316 547 1392 generans:
571 1328 650 1393 quae
669 1307 755 1371 enim
780 1323 885 1373 mente
904 1325 1098 1396 conceperat,
1123 1307 1198 1376 haec
1223 1309 1302 1376 facta

233 1428 315 1478 suni.

300 1607 378 1674 Can.
399 1608 455 1672 IV.
502 1607 554 1698 [H
556 1608 601 1672 W
599 1659 606 1672 .
624 1608 689 1689 III,
707 1607 751 1698 2].
763 1609 797 1663 (²)
846 1631 872 1675 1.
890 1609 993 1677 Causa
1013 1612 1108 1699 igitur
1126 1613 1301 1700 quaerenda

233 1731 279 1782 est
293 1714 474 1782 huiusmodi
493 1716 708 1803 dispositionis
727 1718 840 1798 Dete>
856 1717 909 1783 sed
929 1741 994 1783 non
1015 1717 1174 1786 fabricatio
1192 1719 1300 1786 mundi

232 1822 317 1887 alteri
341 1820 559 1888 adscribenda:
579 1838 609 1888 et
629 1837 699 1887 ante
718 1840 895 1911 praeparata
920 1825 1027 1890 omnia
1045 1823 1175 1891 dicenda
1195 1842 1267 1891 sunt
1284 1850 1300 1890 a

231 1929 313 2011 Deo,
329 1945 363 1993 ut
379 1927 499 2010 fierent,
513 1926 783 2017 quemadmodum
801 1948 831 1997 et
847 1928 925 1996 facta
942 1946 1025 2010 sunt,
1040 1931 1093 1998 sed
1110 1955 1174 1997 non
1190 1931 1301 1997 umbra

230 2050 261 2100 et
284 2036 422 2100 vacuitas
445 2034 653 2123 confingenda
677 2051 733 2102 est.
781 2036 962 2116 Caeterum,
986 2037 1069 2104 unde
1093 2039 1301 2104 vacuitas?(⁴)

230 2158 404 2229 quaeretur.
443 2142 600 2208 Utrum(⁵)
612 2138 649 2206 ab
658 2143 805 2208 omnium
815 2161 900 2230 patre
912 2159 942 2210 et
955 2143 1111 2231 prolatore
1126 2145 1300 2211 secundum

231 2271 286 2315 eos
302 2265 332 2315 et
351 2249 454 2336 ipsum
469 2249 644 2336 prolatum;
661 2265 691 2315 et
707 2265 753 2315 est
768 2249 904 2339 aequalis
928 2249 1058 2317 honoris
1074 2267 1105 2318 et
1128 2272 1299 2339 cognatum

232 2353 357 2442 reliquis
380 2351 552 2434 Aeonibus,
568 2351 648 2420 forte
664 2371 768 2421 autem
788 2371 818 2421 et
837 2357 993 2444 antiquius
1014 2357 1098 2445 ipsis.
1146 2358 1178 2425 Si
1194 2375 1299 2426 autem

231 2459 268 2527 ab
292 2459 404 2527 eodem
428 2461 581 2526 emissum
598 2476 655 2542 est,
671 2461 774 2527 simile
793 2479 840 2528 est
856 2463 884 2528 ei
899 2464 951 2550 qui
968 2464 1083 2545 emisit,
1107 2481 1137 2530 et
1161 2464 1297 2531 hiscum

230 2565 343 2654 quibus
362 2568 516 2632 emissum
540 2583 596 2632 est.
643 2567 821 2633 Necessitas
845 2590 922 2655 ergo
945 2570 1003 2635 erit
1027 2572 1117 2636 omni
1137 2570 1245 2652 mod0,
1269 2587 1299 2636 et

231 2671 370 2760 Bythum
394 2673 535 2758 ipsorum
569 2695 642 2738 curn
672 2674 745 2760 Sige
768 2697 868 2740 vacuo
897 2673 1035 2740 similem
1063 2699 1143 2755 esse,
1167 2676 1227 2742 hoc
1254 2696 1300 2745 est

230 2800 366 2844 vacuum
391 2801 476 2844 esse:
501 2796 530 2845 et
553 2779 689 2866 reliquos
713 2781 850 2860 Aeonas,
870 2802 968 2867 quum
988 2781 1049 2848 sint
1068 2785 1159 2848 vacui
1179 2782 1299 2864 fratres,

230 2907 362 2952 vacuam
382 2901 411 2950 et
431 2883 636 2950 substantiam
652 2883 775 2952 habere.
822 2887 855 2953 Si
871 2905 976 2953 autem
993 2911 1058 2954 non
1074 2906 1120 2954 est
1135 2891 1298 2971 emissum,

230 3015 304 3058 ase
327 3009 436 3057 natum
460 3009 506 3058 est
535 3009 565 3059 et
597 3015 614 3058 a
645 3015 678 3058 se
703 3009 886 3080 generatum
910 3011 956 3060 est
986 3012 1016 3061 et
1039 2998 1242 3084 aequiparans
1267 3001 1298 3064 in

230 3114 372 3185 tempore
395 3099 422 3164 ei
446 3099 499 3186 qui
515 3114 561 3164 est
581 3098 754 3164 secundum
778 3122 833 3164 eos
857 3101 961 3187 Bytho
981 3103 1126 3168 omnium
1150 3105 1245 3191 patri3
1269 3122 1299 3169 et

230 3206 274 3270 sic
289 3204 429 3270 eiusdem
445 3221 583 3286 naturae,
607 3221 637 3270 et
661 3206 800 3272 eiusdem
822 3206 952 3273 honoris
971 3209 1029 3274 erit
1045 3231 1179 3276 vacuum
1200 3212 1227 3276 ei
1245 3213 1297 3298 qui

230 3329 276 3378 est
299 3311 472 3378 secundum
492 3336 558 3390 eos,
578 3315 721 3379 omnium
740 3315 834 3380 Patri.
882 3314 1018 3402 Oportet
1038 3317 1124 3382 enim
1141 3316 1229 3383 illum
1246 3336 1298 3383 aut

230 3420 382 3486 emissum
407 3442 475 3485 esse
494 3419 531 3485 ab
550 3419 666 3508 aliqu0,
693 3437 744 3486 aut
763 3443 828 3487 ase
847 3439 1032 3508 generatum
1053 3440 1115 3488 eta
1135 3447 1168 3489 se
1188 3441 1297 3490 natum

263 3613 305 3679 (r)
325 3611 379 3664 Cir,
399 3610 465 3664 infra
486 3611 543 3674 VII,
565 3627 579 3664 2
600 3609 644 3665 fin.
792 3614 859 3666 senti
873 3625 1031 3684 argumento
1044 3631 1150 3685 prorsus
1160 3631 1299 3670 consenta-

263 3699 306 3767 (2)
315 3696 381 3750 Cod.
396 3697 496 3749 Arund.
512 3709 538 3750 et
554 3713 647 3750 omnes
664 3697 736 3750 Vatt.
792 3715 878 3750 neam.

227 3781 269 3834 hic
293 3781 387 3851 (ceteri
411 3779 487 3841 infra,
508 3798 573 3834 voce
599 3783 738 3852 aritiqaiur)
827 3781 868 3849 (3)
887 3782 909 3834 1.
930 3800 953 3835 e.
971 3799 1052 3853 quare
1067 3783 1139 3836 Deus
1153 3796 1247 3837 cuncta
1262 3785 1298 3836 sic

226 3883 327 3919 novum
359 3876 437 3936 caput
465 3865 594 3936 incipiunt
624 3867 668 3918 sed
698 3867 737 3919 in·
791 3867 928 3930 creaverit,
941 3868 1089 3936 composita
1102 3867 1224 3920 videlicet
1240 3885 1298 3920 mu-

226 3951 369 4021 scriptione
394 3951 575 4019 praecedentis
600 3967 655 4020 cap.
681 3969 737 4021 per-
792 3950 881 4002 tabilia
900 3963 950 4003 etc.

227 4051 317 4105 peram
340 4034 435 4088 adfixa.
472 4034 499 4088 Si
521 4035 583 4106 quid
607 4035 737 4088 innovan-
827 4035 868 4102 (4)
888 4040 944 4098 πῶς
970 4039 1091 4102 aesopo:
1120 4035 1182 4088 hinc
1210 4048 1296 4088 cetera

227 4119 291 4172 dum
315 4131 392 4183 esset,
416 4120 459 4173 hic
483 4137 542 4172 eam
566 4119 737 4190 adiungerem
791 4131 885 4172 neutro
904 4136 1001 4189 genere
1020 4120 1114 4190 accipit
1131 4121 1267 4190 interpres.

227 4220 294 4274 quae
304 4202 371 4256 infra
381 4203 477 4271 evin,
487 4203 501 4272 §
512 4219 528 4268 4
539 4203 653 4274 ponitur,
663 4221 737 4274 prae·
827 4207 867 4272 (5)
887 4227 903 4248 =
922 4203 948 4256 Si
968 4204 1082 4274 quidem.
