3238 5090
367 430 430 514 384
644 452 772 497 mamm
788 452 947 498 autemus
963 453 1118 499 naereses
1156 449 1436 519 [XV11,1o-xV111‚2

364 661 472 728 postea
498 643 606 710 volens
622 667 703 726 eam,
722 667 801 732 quae
824 643 997 713 secundum
1017 645 1272 733 progressionem
1288 645 1437 710 emissio·

365 774 443 816 num
467 767 555 818 ancta
580 749 689 832 fuerat,
708 753 918 838 ignorantiam
939 769 969 818 et
989 753 1210 818 inseminatam
1225 749 1437 830 Aeonibus,(¹>

364 855 485 922 auferre
509 859 620 945 potuit,
640 857 741 924 multo
766 859 866 946 magis
889 860 975 946 prins
999 882 1067 924 eam
1092 881 1172 946 quae
1195 857 1338 924 nondum
1357 874 1435 937 erat,

364 963 575 1049 ignorantiam
598 964 709 1030 volens
732 987 797 1030 non
820 966 1012 1052 permitteret
1035 963 1113 1030 fieri.

437 1091 486 1136 11.
511 1069 615 1160 [WH.
633 1070 742 1150 XXII,
765 1071 810 1162 5].
870 1072 1033 1153 Quoniam
1059 1073 1153 1160 igitur
1183 1068 1308 1160 quando
1332 1070 1437 1137 voluit

365 1178 488 1264 agnitus
512 1193 569 1257 est,
593 1199 658 1243 non
680 1193 802 1244 tantum
821 1176 993 1255 AeonibuS,
1018 1178 1070 1245 sed
1095 1194 1124 1244 et
1148 1176 1196 1243 bis
1211 1179 1264 1266 qui
1279 1179 1312 1244 in
1327 1177 1437 1242 novis-

365 1285 454 1350 simis
477 1285 670 1372 temporibus
695 1301 781 1352 crant
803 1284 1049 1366 bominibus;(²)
1062 1309 1127 1352 non
1145 1286 1255 1352 volens
1271 1300 1376 1350 autem
1397 1281 1436 1350 ab

365 1390 454 1456 initio
478 1391 616 1478 agnosci,
640 1391 801 1478 ignoratus
824 1407 885 1457 est:
914 1413 1005 1458 causa
1036 1391 1228 1479 ignorantiae
1259 1388 1436 1456 secundum

365 1521 424 1563 vos
448 1514 494 1563 est
517 1498 663 1565 voluntas
687 1498 797 1563 Patris
844 1498 877 1564 Si
901 1499 986 1563 enim
1010 1495 1199 1585 praesciebat
1223 1495 1299 1562 baec
1318 1497 1362 1561 sic
1386 1496 1437 1561 iu-

365 1621 445 1685 tura,
459 1627 554 1693 quare
567 1604 683 1692 utique,
697 1605 878 1691 prinsquam
891 1603 989 1686 fieret,
1002 1627 1067 1671 non
1079 1603 1209 1670 abscidit
1224 1601 1437 1690 ignorantiam

365 1711 518 1798 ipsorum,
541 1733 637 1798 quam
657 1726 774 1796 postea,
792 1710 880 1776 uelut
899 1733 936 1774 ex
950 1711 1150 1798 poenitentia,
1167 1725 1253 1774 curat
1269 1730 1324 1796 per
1339 1707 1438 1773 emis-

367 1820 488 1884 sionem
525 1817 666 1883 Christi?
717 1818 827 1899 Quam
862 1818 948 1883 enim
972 1839 1026 1905 per
1050 1817 1216 1883 Christum
1241 1816 1435 1902 agnitionem

366 1922 515 1990 omnibus
539 1923 622 2005 fecit,
654 1924 755 1990 multo
786 1940 856 1990 ante
879 1940 1000 2011 poterat
1023 1922 1124 1990 facere
1146 1945 1201 2012 per
1233 1923 1357 2010 Logon,
1380 1923 1436 2010 qui

367 2051 396 2097 et
420 2032 649 2120 primogenitus
672 2047 736 2098 erat
760 2033 972 2119 Monogenbs.
1006 2031 1067 2096 Vel
1091 2033 1118 2097 si
1141 2032 1316 2118 praesciens
1334 2029 1437 2096 voluit

367 2139 434 2204 fieri
458 2139 545 2219 haec,
569 2161 694 2226 semper
716 2155 915 2227 perseverant
939 2140 1132 2227 ignorantiae
1156 2161 1260 2226 opera,
1288 2155 1318 2204 et
1341 2161 1438 2203 num-

366 2267 461 2332 quam
485 2261 691 2332 praetereunt.
738 2246 831 2327 Quae
855 2246 939 2311 enim
956 2269 993 2311 ex
1008 2247 1169 2311 voluntate
1184 2245 1365 2332 Propatoris
1380 2267 1439 2309 ve-

367 2353 422 2417 stri
446 2350 525 2418 facta
549 2369 631 2432 sunt,
655 2374 853 2439 perseverare
873 2367 996 2440 oportet
1019 2374 1092 2417 cum
1112 2351 1272 2417 voluntate
1295 2353 1361 2417 eius
1380 2353 1438 2438 qni

366 2459 480 2525 voluit:
504 2459 554 2525 vel
579 2460 604 2524 si
627 2475 824 2547 praetereunt
847 2457 932 2541 baec,
956 2481 1029 2524 cum
1054 2459 1103 2524 his
1138 2459 1301 2546 praeteriet
1324 2473 1354 2523 et
1377 2481 1438 2523 vo-

367 2566 468 2632 luntas
492 2569 569 2646 cius,
592 2568 645 2654 qui
670 2565 874 2632 substantiam
899 2588 933 2630 ea
953 2562 1066 2631 habere
1081 2564 1191 2630 voluit.
1240 2561 1327 2645 Quid
1346 2565 1436 2629 enim

367 2691 396 2738 et
419 2672 574 2739 discentes
597 2674 816 2759 requieverunt
838 2673 975 2752 Aeones,
999 2687 1029 2736 et
1052 2670 1221 2759 perfectam
1242 2670 1437 2758 agnitionem

367 2795 580 2867 perceperunt,
603 2780 753 2867 quoniam
776 2776 957 2865 incapabilis
981 2794 1027 2844 est
1056 2794 1086 2843 et
1110 2775 1437 2865 incomprehensibilis

368 2887 521 2952 Pater?(³)
566 2886 654 2952 Hanc
679 2902 783 2951 autem
807 2885 1001 2972 agnitionem
1021 2883 1132 2950 habere
1151 2900 1320 2971 potnerunt
1334 2883 1438 2970 prius-

367 3015 461 3080 quam
486 2993 518 3056 in
537 2991 734 3080 passionibus
757 2989 882 3057 fierent:
908 3013 972 3056 non
992 2991 1077 3056 enim
1096 2986 1352 3056 deminorabatur
1368 3011 1438 3054 ma·

367 3098 498 3186 gnitudo
522 3099 623 3165 Patris
647 3096 684 3164 ab
709 3099 799 3164 initio
828 3094 997 3163 scientibus
1028 3097 1077 3162 his
1099 3097 1171 3184 quia
1201 3093 1380 3182 incapabilis
1406 3112 1438 3161 et

367 3204 691 3293 incomprehensibilis
714 3221 761 3272 est
784 3205 884 3269 Pater.
932 3203 965 3269 Si
989 3205 1074 3270 enim
1097 3219 1224 3291 propter
1243 3203 1437 3267 immensam

368 3310 617 3400 magnitudinem
641 3309 852 3399 ignorabatur,
877 3328 907 3376 et
930 3326 1055 3398 propter
1079 3310 1269 3375 immensam
1293 3307 1439 3374 dilectio-

368 3443 442 3485 nem
469 3418 677 3507 impassibiles
706 3416 836 3484 debebat
867 3440 1052 3484 conservare
1079 3416 1211 3505 eosqui
1242 3438 1280 3480 ex
1307 3437 1340 3480 se
1370 3417 1437 3481 nati

368 3543 468 3604 erant;
493 3526 643 3614 quoniam
667 3523 743 3589 nihil
766 3521 961 3610 prohibebat,
985 3521 1039 3590 sed
1063 3523 1164 3610 magis
1193 3521 1269 3587 utile
1297 3536 1372 3600 erat,
1397 3519 1437 3585 ab

367 3633 458 3699 initio
481 3633 669 3720 cognovisse
691 3653 757 3711 eos,
773 3632 923 3720 quoniam
945 3627 1124 3718 incapabilis
1146 3646 1176 3695 et
1194 3625 1439 3716 incomprehen-

369 3738 465 3805 sibilis
488 3757 535 3806 est
558 3741 659 3806 Pater.

404 3932 662 4001 (1)r'nsemt'notom].
699 3929 782 3993 Quasi
807 3931 875 3982 radi·
932 3949 1045 3984 «sorum
1064 3932 1166 3983 solvere
1191 3928 1436 4000 ignorantiam:...

368 4031 455 4070 catum
475 4034 520 4070 seu
539 4027 763 4087 coagmentatam.
932 4037 945 4064 a
956 4015 1032 4070 Tunc
1041 4025 1231 4088 cognoscentes
1241 4029 1302 4067 eum
1312 4012 1438 4066 homines

404 4103 445 4169 (2)
465 4101 520 4154 Cfr.
541 4113 665 4172 praesert.
678 4100 698 4165 1,
717 4114 791 4164 xv,2
811 4099 871 4154 fin:
932 4121 946 4150 u
956 4110 1123 4154 cessavemnt
1133 4099 1165 4152 ab
1176 4099 1342 4170 ignoratione
1352 4110 1437 4151 etc».

372 4186 517 4239 «Voluisse
545 4187 617 4240 enim
644 4187 751 4238 Patrem
770 4185 875 4238 univer·
965 4186 1008 4252 (ς)
1026 4182 1080 4236 Csr.
1100 4183 1121 4248 I,
1140 4197 1159 4248 r,
1182 4195 1203 4248 5.
