<?xml version="1.0" encoding="UTF-8"?>
<!DOCTYPE html PUBLIC "-//W3C//DTD XHTML 1.0 Transitional//EN"
    "http://www.w3.org/TR/xhtml1/DTD/xhtml1-transitional.dtd">
<html xmlns="http://www.w3.org/1999/xhtml" xml:lang="en" lang="en">
 <head>
  <title>
</title>
<meta http-equiv="Content-Type" content="text/html;charset=utf-8" />
  <meta name='ocr-system' content='tesseract 3.04.00' />
  <meta name='ocr-capabilities' content='ocr_page ocr_carea ocr_par ocr_line ocrx_word'/>
</head>
<body>
  <div class='ocr_page' id='page_1' title='image "./adversushaerese00irengoog_0022.png"; bbox 0 0 3172 5044; ppageno 0'>
   <div class='ocr_carea' id='block_1_1' title="bbox 417 439 1216 508">
    <p class='ocr_par' dir='ltr' id='par_1_1' title="bbox 417 439 1216 508">
     <span class='ocr_line' id='line_1_1' title="bbox 417 439 1216 508; baseline 0.005 -24"><span class='ocrx_word' id='word_1_1' title='bbox 417 439 459 484; x_wconf 85' lang='lat' dir='ltr'><strong>DE</strong></span> <span class='ocrx_word' id='word_1_2' title='bbox 482 439 583 486; x_wconf 83' lang='lat' dir='ltr'>OPERE</span> <span class='ocrx_word' id='word_1_3' title='bbox 608 441 768 486; x_wconf 80' lang='lat' dir='ltr'><strong>ADVERSUS</strong></span> <span class='ocrx_word' id='word_1_4' title='bbox 792 441 946 487; x_wconf 77' lang='lat' dir='ltr'>HAERESES</span> <span class='ocrx_word' id='word_1_5' title='bbox 1178 442 1216 508; x_wconf 77' lang='lat'><strong>17</strong></span> 
     </span>
    </p>
   </div>
   <div class='ocr_carea' id='block_1_2' title="bbox 136 631 1218 2464">
    <p class='ocr_par' dir='ltr' id='par_1_2' title="bbox 136 631 1218 2464">
     <span class='ocr_line' id='line_1_2' title="bbox 144 631 1218 745; baseline 0.005 -37"><span class='ocrx_word' id='word_1_6' title='bbox 144 633 262 708; x_wconf 88' lang='lat' dir='ltr'><strong>altera</strong></span> <span class='ocrx_word' id='word_1_7' title='bbox 285 661 354 708; x_wconf 89' lang='lat' dir='ltr'><strong>seu</strong></span> <span class='ocrx_word' id='word_1_8' title='bbox 373 635 675 733; x_wconf 89' lang='lat' dir='ltr'><strong>septentrionalis</strong></span> <span class='ocrx_word' id='word_1_9' title='bbox 698 631 993 745; x_wconf 87' lang='lat' dir='ltr'><strong>[Corbeiensis?]</strong></span> <span class='ocrx_word' id='word_1_10' title='bbox 1020 664 1068 711; x_wconf 84' lang='lat' dir='ltr'><strong>ex</strong></span> <span class='ocrx_word' id='word_1_11' title='bbox 1092 640 1218 713; x_wconf 83' lang='lat' dir='ltr'><strong>Claro·</strong></span> 
     </span>
     <span class='ocr_line' id='line_1_3' title="bbox 144 761 1217 860; baseline 0.003 -26"><span class='ocrx_word' id='word_1_12' title='bbox 144 771 328 844; x_wconf 82' lang='lat' dir='ltr'><strong>montano,</strong></span> <span class='ocrx_word' id='word_1_13' title='bbox 349 786 448 834; x_wconf 90' lang='lat' dir='ltr'><strong>saec.</strong></span> <span class='ocrx_word' id='word_1_14' title='bbox 466 786 504 834; x_wconf 84' lang='lat' dir='ltr'><strong>rx</strong></span> <span class='ocrx_word' id='word_1_15' title='bbox 523 761 571 858; x_wconf 88' lang='lat' dir='ltr'><strong>[C</strong></span> <span class='ocrx_word' id='word_1_16' title='bbox 592 802 613 820; x_wconf 95' lang='lat'>=</span> <span class='ocrx_word' id='word_1_17' title='bbox 630 787 663 834; x_wconf 94' lang='lat' dir='ltr'><strong>n.</strong></span> <span class='ocrx_word' id='word_1_18' title='bbox 692 767 791 853; x_wconf 80' lang='lat'>1669</span> <span class='ocrx_word' id='word_1_19' title='bbox 812 762 899 836; x_wconf 86' lang='lat' dir='ltr'>bibl.</span> <span class='ocrx_word' id='word_1_20' title='bbox 918 763 1081 860; x_wconf 90' lang='lat' dir='ltr'><strong>Phillips,</strong></span> <span class='ocrx_word' id='word_1_21' title='bbox 1104 763 1217 837; x_wconf 90' lang='lat' dir='ltr'><strong>hodie</strong></span> 
     </span>
     <span class='ocr_line' id='line_1_4' title="bbox 144 884 1213 984; baseline 0.003 -26"><span class='ocrx_word' id='word_1_22' title='bbox 144 885 325 959; x_wconf 87' lang='lat' dir='ltr'><strong>Fenwick</strong></span> <span class='ocrx_word' id='word_1_23' title='bbox 344 885 381 958; x_wconf 94' lang='lat' dir='ltr'><strong>in</strong></span> <span class='ocrx_word' id='word_1_24' title='bbox 399 884 648 960; x_wconf 86' lang='lat' dir='ltr'><strong>Cheltenham</strong></span> <span class='ocrx_word' id='word_1_25' title='bbox 668 887 803 984; x_wconf 80' lang='lat' dir='ltr'><strong>Angl]</strong></span> <span class='ocrx_word' id='word_1_26' title='bbox 821 903 935 984; x_wconf 90' lang='lat' dir='ltr'><strong>atque</strong></span> <span class='ocrx_word' id='word_1_27' title='bbox 950 913 999 960; x_wconf 86' lang='lat' dir='ltr'><strong>ex</strong></span> <span class='ocrx_word' id='word_1_28' title='bbox 1025 889 1213 972; x_wconf 83' lang='lat' dir='ltr'><strong>Vossz‘ano,</strong></span> 
     </span>
     <span class='ocr_line' id='line_1_5' title="bbox 141 1009 1217 1106; baseline 0.002 -22"><span class='ocrx_word' id='word_1_29' title='bbox 141 1035 240 1084; x_wconf 85' lang='lat' dir='ltr'><strong>saec.</strong></span> <span class='ocrx_word' id='word_1_30' title='bbox 262 1036 326 1084; x_wconf 85' lang='lat' dir='ltr'><strong>xrv</strong></span> <span class='ocrx_word' id='word_1_31' title='bbox 357 1009 410 1106; x_wconf 94' lang='lat' dir='ltr'><strong>[V</strong></span> <span class='ocrx_word' id='word_1_32' title='bbox 428 1036 501 1083; x_wconf 90' lang='lat' dir='ltr'><strong>=n.</strong></span> <span class='ocrx_word' id='word_1_33' title='bbox 525 1035 573 1104; x_wconf 86' lang='lat'><strong>33</strong></span> <span class='ocrx_word' id='word_1_34' title='bbox 603 1010 693 1089; x_wconf 89' lang='lat' dir='ltr'><strong>bibl.</strong></span> <span class='ocrx_word' id='word_1_35' title='bbox 723 1009 833 1084; x_wconf 92' lang='lat' dir='ltr'><strong>Univ.</strong></span> <span class='ocrx_word' id='word_1_36' title='bbox 861 1011 1068 1106; x_wconf 90' lang='lat' dir='ltr'><strong>Leyden.];</strong></span> <span class='ocrx_word' id='word_1_37' title='bbox 1099 1013 1217 1087; x_wconf 87' lang='lat' dir='ltr'><strong>altera</strong></span> 
     </span>
     <span class='ocr_line' id='line_1_6' title="bbox 140 1133 1215 1231; baseline 0.003 -23"><span class='ocrx_word' id='word_1_38' title='bbox 140 1162 207 1209; x_wconf 91' lang='lat' dir='ltr'><strong>seu</strong></span> <span class='ocrx_word' id='word_1_39' title='bbox 253 1134 507 1208; x_wconf 89' lang='lat' dir='ltr'><strong>meridionalis</strong></span> <span class='ocrx_word' id='word_1_40' title='bbox 544 1133 840 1231; x_wconf 91' lang='lat' dir='ltr'><strong>[Divionensis?]</strong></span> <span class='ocrx_word' id='word_1_41' title='bbox 880 1161 1008 1208; x_wconf 89' lang='lat' dir='ltr'><strong>rursus</strong></span> <span class='ocrx_word' id='word_1_42' title='bbox 1048 1137 1084 1209; x_wconf 92' lang='lat' dir='ltr'><strong>in</strong></span> <span class='ocrx_word' id='word_1_43' title='bbox 1121 1139 1215 1212; x_wconf 89' lang='lat' dir='ltr'><strong>duas</strong></span> 
     </span>
     <span class='ocr_line' id='line_1_7' title="bbox 140 1259 1212 1357; baseline 0.001 -23"><span class='ocrx_word' id='word_1_44' title='bbox 140 1260 282 1334; x_wconf 82' lang='lat' dir='ltr'>classes</span> <span class='ocrx_word' id='word_1_45' title='bbox 296 1259 472 1334; x_wconf 92' lang='lat' dir='ltr'><strong>distincta</strong></span> <span class='ocrx_word' id='word_1_46' title='bbox 487 1259 653 1333; x_wconf 91' lang='lat' dir='ltr'><strong>continet</strong></span> <span class='ocrx_word' id='word_1_47' title='bbox 667 1261 737 1332; x_wconf 95' lang='lat' dir='ltr'><strong>sub</strong></span> <span class='ocrx_word' id='word_1_48' title='bbox 752 1260 872 1357; x_wconf 92' lang='lat' dir='ltr'><strong>prima</strong></span> <span class='ocrx_word' id='word_1_49' title='bbox 886 1261 925 1334; x_wconf 80' lang='lat' dir='ltr'><em>A</em></span> <span class='ocrx_word' id='word_1_50' title='bbox 933 1262 1212 1346; x_wconf 78' lang='lat' dir='ltr'><strong>rundelianum,</strong></span> 
     </span>
     <span class='ocr_line' id='line_1_8' title="bbox 139 1377 1215 1492; baseline 0.002 -34"><span class='ocrx_word' id='word_1_51' title='bbox 139 1411 238 1458; x_wconf 89' lang='lat' dir='ltr'><strong>saec.</strong></span> <span class='ocrx_word' id='word_1_52' title='bbox 263 1411 330 1460; x_wconf 87' lang='lat' dir='ltr'><strong>xm</strong></span> <span class='ocrx_word' id='word_1_53' title='bbox 351 1377 404 1492; x_wconf 88' lang='lat' dir='ltr'><strong>[A</strong></span> <span class='ocrx_word' id='word_1_54' title='bbox 423 1425 445 1444; x_wconf 95' lang='lat'>=</span> <span class='ocrx_word' id='word_1_55' title='bbox 459 1384 603 1459; x_wconf 91' lang='lat' dir='ltr'><strong>Arund.</strong></span> <span class='ocrx_word' id='word_1_56' title='bbox 627 1387 676 1476; x_wconf 91' lang='lat'><strong>87</strong></span> <span class='ocrx_word' id='word_1_57' title='bbox 697 1385 732 1458; x_wconf 92' lang='lat' dir='ltr'><strong>in</strong></span> <span class='ocrx_word' id='word_1_58' title='bbox 753 1385 840 1459; x_wconf 85' lang='lat' dir='ltr'><strong>bibl.</strong></span> <span class='ocrx_word' id='word_1_59' title='bbox 868 1385 956 1459; x_wconf 89' lang='lat' dir='ltr'>Brit.</span> <span class='ocrx_word' id='word_1_60' title='bbox 989 1387 1087 1459; x_wconf 89' lang='lat' dir='ltr'><strong>Mus.</strong></span> <span class='ocrx_word' id='word_1_61' title='bbox 1114 1388 1215 1460; x_wconf 89' lang='lat' dir='ltr'><strong>Lori-</strong></span> 
     </span>
     <span class='ocr_line' id='line_1_9' title="bbox 139 1509 1214 1610; baseline 0.003 -28"><span class='ocrx_word' id='word_1_62' title='bbox 139 1510 247 1610; x_wconf 88' lang='lat' dir='ltr'><strong>dini],</strong></span> <span class='ocrx_word' id='word_1_63' title='bbox 265 1512 336 1584; x_wconf 94' lang='lat' dir='ltr'><strong>sub</strong></span> <span class='ocrx_word' id='word_1_64' title='bbox 355 1511 474 1585; x_wconf 87' lang='lat' dir='ltr'><strong>altera</strong></span> <span class='ocrx_word' id='word_1_65' title='bbox 487 1534 578 1581; x_wconf 89' lang='lat' dir='ltr'><strong>vero</strong></span> <span class='ocrx_word' id='word_1_66' title='bbox 597 1525 774 1605; x_wconf 90' lang='lat' dir='ltr'><strong>quattuor</strong></span> <span class='ocrx_word' id='word_1_67' title='bbox 793 1510 943 1582; x_wconf 91' lang='lat' dir='ltr'><strong>codices</strong></span> <span class='ocrx_word' id='word_1_68' title='bbox 962 1509 1214 1586; x_wconf 85' lang='lat' dir='ltr'><strong>bibliothecae</strong></span> 
     </span>
     <span class='ocr_line' id='line_1_10' title="bbox 139 1634 1214 1734; baseline 0.001 -28"><span class='ocrx_word' id='word_1_69' title='bbox 139 1634 359 1718; x_wconf 87' lang='lat' dir='ltr'><strong>Vaticanae,</strong></span> <span class='ocrx_word' id='word_1_70' title='bbox 374 1659 512 1731; x_wconf 83' lang='lat' dir='ltr'><strong>nempe</strong></span> <span class='ocrx_word' id='word_1_71' title='bbox 531 1635 627 1706; x_wconf 58' lang='lat' dir='ltr'><strong>Van</strong></span> <span class='ocrx_word' id='word_1_72' title='bbox 648 1637 694 1727; x_wconf 87' lang='lat' dir='ltr'><strong>(n.</strong></span> <span class='ocrx_word' id='word_1_73' title='bbox 712 1635 802 1730; x_wconf 91' lang='lat'>187)</span> <span class='ocrx_word' id='word_1_74' title='bbox 820 1650 859 1707; x_wconf 93' lang='lat' dir='ltr'><strong>et</strong></span> <span class='ocrx_word' id='word_1_75' title='bbox 875 1635 1006 1707; x_wconf 54' lang='lat' dir='ltr'><strong>ottob</strong></span> <span class='ocrx_word' id='word_1_76' title='bbox 1025 1637 1078 1732; x_wconf 85' lang='lat' dir='ltr'><strong>(n.</strong></span> <span class='ocrx_word' id='word_1_77' title='bbox 1096 1640 1214 1734; x_wconf 88' lang='lat'>1154)</span> 
     </span>
     <span class='ocr_line' id='line_1_11' title="bbox 139 1758 1214 1854; baseline 0.004 -24"><span class='ocrx_word' id='word_1_78' title='bbox 139 1785 173 1836; x_wconf 91' lang='lat' dir='ltr'><strong>c.</strong></span> <span class='ocrx_word' id='word_1_79' title='bbox 201 1785 236 1832; x_wconf 88' lang='lat' dir='ltr'><strong>a.</strong></span> <span class='ocrx_word' id='word_1_80' title='bbox 275 1781 392 1849; x_wconf 87' lang='lat' dir='ltr'><strong>14oo;</strong></span> <span class='ocrx_word' id='word_1_81' title='bbox 425 1758 560 1831; x_wconf 62' lang='lat' dir='ltr'><strong>,Octobr</strong></span> <span class='ocrx_word' id='word_1_82' title='bbox 581 1761 631 1854; x_wconf 90' lang='lat' dir='ltr'><strong>(n.</strong></span> <span class='ocrx_word' id='word_1_83' title='bbox 661 1761 753 1853; x_wconf 87' lang='lat'>752)</span> <span class='ocrx_word' id='word_1_84' title='bbox 785 1785 815 1832; x_wconf 85' lang='lat' dir='ltr'><strong>c.</strong></span> <span class='ocrx_word' id='word_1_85' title='bbox 851 1783 884 1832; x_wconf 87' lang='lat' dir='ltr'><strong>a.</strong></span> <span class='ocrx_word' id='word_1_86' title='bbox 914 1783 1028 1850; x_wconf 82' lang='lat'><strong>1412,¹</strong></span> <span class='ocrx_word' id='word_1_87' title='bbox 1047 1777 1085 1832; x_wconf 91' lang='lat' dir='ltr'><strong>et</strong></span> <span class='ocrx_word' id='word_1_88' title='bbox 1115 1762 1214 1834; x_wconf 78' lang='lat' dir='ltr'><strong>Vot.²</strong></span> 
     </span>
     <span class='ocr_line' id='line_1_12' title="bbox 140 1883 1215 1980; baseline 0.004 -26"><span class='ocrx_word' id='word_1_89' title='bbox 140 1898 189 1974; x_wconf 74' lang='lat' dir='ltr'><strong>(n.</strong></span> <span class='ocrx_word' id='word_1_90' title='bbox 213 1884 305 1980; x_wconf 89' lang='lat'>188)</span> <span class='ocrx_word' id='word_1_91' title='bbox 322 1908 354 1960; x_wconf 90' lang='lat' dir='ltr'><strong>c.</strong></span> <span class='ocrx_word' id='word_1_92' title='bbox 365 1908 397 1955; x_wconf 91' lang='lat' dir='ltr'><strong>a.</strong></span> <span class='ocrx_word' id='word_1_93' title='bbox 423 1903 531 1974; x_wconf 85' lang='lat'><strong>1450.</strong></span> <span class='ocrx_word' id='word_1_94' title='bbox 567 1883 703 1980; x_wconf 90' lang='lat' dir='ltr'><strong>Neque</strong></span> <span class='ocrx_word' id='word_1_95' title='bbox 717 1883 917 1956; x_wconf 88' lang='lat' dir='ltr'><strong>varietates</strong></span> <span class='ocrx_word' id='word_1_96' title='bbox 932 1908 1026 1979; x_wconf 91' lang='lat' dir='ltr'><strong>quas</strong></span> <span class='ocrx_word' id='word_1_97' title='bbox 1036 1883 1215 1958; x_wconf 90' lang='lat' dir='ltr'><strong>exhibent</strong></span> 
     </span>
     <span class='ocr_line' id='line_1_13' title="bbox 136 2005 1214 2088; baseline 0.003 -8"><span class='ocrx_word' id='word_1_98' title='bbox 136 2007 256 2080; x_wconf 90' lang='lat' dir='ltr'><strong>editio</strong></span> <span class='ocrx_word' id='word_1_99' title='bbox 275 2005 423 2080; x_wconf 86' lang='lat' dir='ltr'><strong>Erasmi</strong></span> <span class='ocrx_word' id='word_1_100' title='bbox 439 2024 478 2080; x_wconf 91' lang='lat' dir='ltr'><strong>et</strong></span> <span class='ocrx_word' id='word_1_101' title='bbox 492 2005 730 2081; x_wconf 83' lang='lat' dir='ltr'><strong>Feuardentii</strong></span> <span class='ocrx_word' id='word_1_102' title='bbox 747 2022 786 2080; x_wconf 91' lang='lat' dir='ltr'><strong>et</strong></span> <span class='ocrx_word' id='word_1_103' title='bbox 800 2007 948 2080; x_wconf 87' lang='lat' dir='ltr'><strong>collatio</strong></span> <span class='ocrx_word' id='word_1_104' title='bbox 964 2007 1110 2088; x_wconf 85' lang='lat' dir='ltr'><strong>Latinii.</strong></span> <span class='ocrx_word' id='word_1_105' title='bbox 1129 2010 1214 2083; x_wconf 89' lang='lat' dir='ltr'><strong>Pas·</strong></span> 
     </span>
     <span class='ocr_line' id='line_1_14' title="bbox 137 2130 1212 2231; baseline 0.002 -27"><span class='ocrx_word' id='word_1_106' title='bbox 137 2131 265 2205; x_wconf 93' lang='lat' dir='ltr'><strong>seratii</strong></span> <span class='ocrx_word' id='word_1_107' title='bbox 281 2157 325 2204; x_wconf 89' lang='lat' dir='ltr'><strong>ac</strong></span> <span class='ocrx_word' id='word_1_108' title='bbox 347 2130 531 2205; x_wconf 87' lang='lat' dir='ltr'><strong>llercierii</strong></span> <span class='ocrx_word' id='word_1_109' title='bbox 552 2130 671 2228; x_wconf 89' lang='lat' dir='ltr'><strong>(apud</strong></span> <span class='ocrx_word' id='word_1_110' title='bbox 690 2130 778 2204; x_wconf 91' lang='lat' dir='ltr'><strong>edit.</strong></span> <span class='ocrx_word' id='word_1_111' title='bbox 801 2131 971 2204; x_wconf 89' lang='lat' dir='ltr'><strong>Massuet</strong></span> <span class='ocrx_word' id='word_1_112' title='bbox 989 2147 1028 2204; x_wconf 93' lang='lat' dir='ltr'><strong>et</strong></span> <span class='ocrx_word' id='word_1_113' title='bbox 1047 2131 1212 2231; x_wconf 91' lang='lat' dir='ltr'><strong>Stiereo)</strong></span> 
     </span>
     <span class='ocr_line' id='line_1_15' title="bbox 136 2255 1214 2354; baseline 0 -23"><span class='ocrx_word' id='word_1_114' title='bbox 136 2256 233 2331; x_wconf 89' lang='lat' dir='ltr'><strong>alios</strong></span> <span class='ocrx_word' id='word_1_115' title='bbox 253 2258 302 2329; x_wconf 93' lang='lat' dir='ltr'><strong>ab</strong></span> <span class='ocrx_word' id='word_1_116' title='bbox 322 2255 379 2330; x_wconf 92' lang='lat' dir='ltr'><strong>his</strong></span> <span class='ocrx_word' id='word_1_117' title='bbox 398 2256 508 2333; x_wconf 91' lang='lat' dir='ltr'><strong>codd.</strong></span> <span class='ocrx_word' id='word_1_118' title='bbox 529 2256 689 2353; x_wconf 87' lang='lat' dir='ltr'><strong>prodere</strong></span> <span class='ocrx_word' id='word_1_119' title='bbox 714 2255 899 2330; x_wconf 92' lang='lat' dir='ltr'><strong>videntur.</strong></span> <span class='ocrx_word' id='word_1_120' title='bbox 956 2256 1084 2331; x_wconf 92' lang='lat' dir='ltr'><strong>Editio</strong></span> <span class='ocrx_word' id='word_1_121' title='bbox 1104 2260 1214 2354; x_wconf 78' lang='lat' dir='ltr'><strong>plana</strong></span> 
     </span>
     <span class='ocr_line' id='line_1_16' title="bbox 137 2380 1210 2464; baseline 0.002 -10"><span class='ocrx_word' id='word_1_122' title='bbox 137 2382 269 2455; x_wconf 88' lang='lat' dir='ltr'><strong>critica</strong></span> <span class='ocrx_word' id='word_1_123' title='bbox 298 2381 420 2455; x_wconf 93' lang='lat' dir='ltr'><strong>adhuc</strong></span> <span class='ocrx_word' id='word_1_124' title='bbox 451 2406 523 2454; x_wconf 94' lang='lat' dir='ltr'><strong>non</strong></span> <span class='ocrx_word' id='word_1_125' title='bbox 544 2397 676 2464; x_wconf 87' lang='lat' dir='ltr'><strong>exstat,</strong></span> <span class='ocrx_word' id='word_1_126' title='bbox 709 2397 749 2454; x_wconf 91' lang='lat' dir='ltr'><strong>ut</strong></span> <span class='ocrx_word' id='word_1_127' title='bbox 779 2380 885 2454; x_wconf 92' lang='lat' dir='ltr'><strong>nobis</strong></span> <span class='ocrx_word' id='word_1_128' title='bbox 904 2381 963 2456; x_wconf 91' lang='lat' dir='ltr'><strong>vel</strong></span> <span class='ocrx_word' id='word_1_129' title='bbox 983 2381 1083 2456; x_wconf 89' lang='lat' dir='ltr'><strong>solos</strong></span> <span class='ocrx_word' id='word_1_130' title='bbox 1101 2384 1210 2457; x_wconf 94' lang='lat' dir='ltr'><strong>codd.</strong></span> 
     </span>
    </p>
   </div>
   <div class='ocr_carea' id='block_1_3' title="bbox 135 2505 1368 3201">
    <p class='ocr_par' dir='ltr' id='par_1_3' title="bbox 137 2505 1049 2603">
     <span class='ocr_line' id='line_1_17' title="bbox 137 2505 1049 2603; baseline 0.002 -25"><span class='ocrx_word' id='word_1_131' title='bbox 137 2507 347 2580; x_wconf 86' lang='lat' dir='ltr'><strong>Vaticanus</strong></span> <span class='ocrx_word' id='word_1_132' title='bbox 375 2505 694 2603; x_wconf 84' lang='lat' dir='ltr'><strong>perscrutantibus</strong></span> <span class='ocrx_word' id='word_1_133' title='bbox 723 2522 957 2603; x_wconf 90' lang='lat' dir='ltr'><strong>compertum</strong></span> <span class='ocrx_word' id='word_1_134' title='bbox 981 2522 1049 2580; x_wconf 89' lang='lat' dir='ltr'><strong>est.</strong></span> 
     </span>
    </p>

    <p class='ocr_par' dir='ltr' id='par_1_4' title="bbox 135 2628 1368 3201">
     <span class='ocr_line' id='line_1_18' title="bbox 222 2628 1213 2727; baseline 0.002 -25"><span class='ocrx_word' id='word_1_135' title='bbox 222 2629 347 2704; x_wconf 87' lang='lat' dir='ltr'><strong>Patria</strong></span> <span class='ocrx_word' id='word_1_136' title='bbox 375 2629 496 2702; x_wconf 91' lang='lat' dir='ltr'><strong>huius·</strong></span> <span class='ocrx_word' id='word_1_137' title='bbox 511 2628 703 2716; x_wconf 86' lang='lat' dir='ltr'><strong>versionis,</strong></span> <span class='ocrx_word' id='word_1_138' title='bbox 732 2655 780 2702; x_wconf 88' lang='lat' dir='ltr'><strong>ex</strong></span> <span class='ocrx_word' id='word_1_139' title='bbox 799 2629 967 2703; x_wconf 85' lang='lat' dir='ltr'><strong>barbaris</strong></span> <span class='ocrx_word' id='word_1_140' title='bbox 991 2629 1213 2727; x_wconf 92' lang='lat' dir='ltr'><strong>loquutioni-</strong></span> 
     </span>
     <span class='ocr_line' id='line_1_19' title="bbox 136 2753 1209 2851; baseline 0 -23"><span class='ocrx_word' id='word_1_141' title='bbox 136 2757 211 2828; x_wconf 91' lang='lat' dir='ltr'><strong>bus</strong></span> <span class='ocrx_word' id='word_1_142' title='bbox 250 2754 385 2851; x_wconf 92' lang='lat' dir='ltr'><strong>quibus</strong></span> <span class='ocrx_word' id='word_1_143' title='bbox 422 2755 515 2827; x_wconf 90' lang='lat' dir='ltr'><strong>haec</strong></span> <span class='ocrx_word' id='word_1_144' title='bbox 552 2753 823 2851; x_wconf 87' lang='lat' dir='ltr'><strong>conspergitur,</strong></span> <span class='ocrx_word' id='word_1_145' title='bbox 865 2754 1007 2828; x_wconf 87' lang='lat' dir='ltr'><strong>Celtica</strong></span> <span class='ocrx_word' id='word_1_146' title='bbox 1043 2756 1209 2840; x_wconf 81' lang='lat' dir='ltr'><strong>videtur;</strong></span> 
     </span>
     <span class='ocr_line' id='line_1_20' title="bbox 135 2874 1368 2976; baseline -0.001 -24"><span class='ocrx_word' id='word_1_147' title='bbox 135 2879 369 2976; x_wconf 85' lang='lat' dir='ltr'><strong>Lugdunum</strong></span> <span class='ocrx_word' id='word_1_148' title='bbox 391 2879 512 2974; x_wconf 90' lang='lat' dir='ltr'><strong>ipsam</strong></span> <span class='ocrx_word' id='word_1_149' title='bbox 530 2877 643 2952; x_wconf 89' lang='lat' dir='ltr'><strong>vellet</strong></span> <span class='ocrx_word' id='word_1_150' title='bbox 662 2874 873 2961; x_wconf 76' lang='lat' dir='ltr'><strong>Batifs01;&lt;¹)</strong></span> <span class='ocrx_word' id='word_1_151' title='bbox 900 2895 939 2952; x_wconf 89' lang='lat' dir='ltr'><strong>at</strong></span> <span class='ocrx_word' id='word_1_152' title='bbox 959 2878 1068 2976; x_wconf 91' lang='lat' dir='ltr'><strong>plene</strong></span> <span class='ocrx_word' id='word_1_153' title='bbox 1087 2880 1213 2953; x_wconf 90' lang='lat' dir='ltr'><strong>deter-</strong></span> <span class='ocrx_word' id='word_1_154' title='bbox 1324 2967 1326 2972; x_wconf 23' lang='grc' dir='ltr'>Ι</span> <span class='ocrx_word' id='word_1_155' title='bbox 1359 2921 1368 2943; x_wconf 64' lang='lat'><em>1</em></span> 
     </span>
     <span class='ocr_line' id='line_1_21' title="bbox 135 3002 1211 3102; baseline 0 -26"><span class='ocrx_word' id='word_1_156' title='bbox 135 3003 272 3077; x_wconf 90' lang='lat' dir='ltr'><strong>minari</strong></span> <span class='ocrx_word' id='word_1_157' title='bbox 293 3002 423 3100; x_wconf 88' lang='lat' dir='ltr'><strong>nequit</strong></span> <span class='ocrx_word' id='word_1_158' title='bbox 444 3027 640 3100; x_wconf 88' lang='lat' dir='ltr'><strong>quousque</strong></span> <span class='ocrx_word' id='word_1_159' title='bbox 660 3003 709 3076; x_wconf 91' lang='lat' dir='ltr'><strong>de</strong></span> <span class='ocrx_word' id='word_1_160' title='bbox 736 3020 860 3076; x_wconf 90' lang='lat' dir='ltr'><strong>aetate</strong></span> <span class='ocrx_word' id='word_1_161' title='bbox 884 3029 958 3102; x_wconf 91' lang='lat' dir='ltr'><strong>qua</strong></span> <span class='ocrx_word' id='word_1_162' title='bbox 978 3005 1116 3100; x_wconf 92' lang='lat' dir='ltr'><strong>prodiit</strong></span> <span class='ocrx_word' id='word_1_163' title='bbox 1136 3030 1211 3077; x_wconf 93' lang='lat' dir='ltr'><strong>non</strong></span> 
     </span>
     <span class='ocr_line' id='line_1_22' title="bbox 138 3127 341 3201; baseline -0.015 0"><span class='ocrx_word' id='word_1_164' title='bbox 138 3127 341 3201; x_wconf 89' lang='lat' dir='ltr'><strong>constabit.</strong></span> 
     </span>
    </p>
   </div>
   <div class='ocr_carea' id='block_1_4' title="bbox 137 3249 1211 3476">
    <p class='ocr_par' dir='ltr' id='par_1_5' title="bbox 137 3249 1211 3476">
     <span class='ocr_line' id='line_1_23' title="bbox 223 3249 1211 3350; baseline 0.002 -26"><span class='ocrx_word' id='word_1_165' title='bbox 223 3253 376 3324; x_wconf 88' lang='lat' dir='ltr'><strong>Praeter</strong></span> <span class='ocrx_word' id='word_1_166' title='bbox 394 3249 545 3325; x_wconf 87' lang='lat' dir='ltr'><strong>latinam</strong></span> <span class='ocrx_word' id='word_1_167' title='bbox 566 3251 777 3326; x_wconf 90' lang='lat' dir='ltr'><strong>versionem</strong></span> <span class='ocrx_word' id='word_1_168' title='bbox 797 3252 903 3348; x_wconf 87' lang='lat' dir='ltr'><strong>plura</strong></span> <span class='ocrx_word' id='word_1_169' title='bbox 923 3252 1135 3350; x_wconf 80' lang='lat' dir='ltr'><strong>fragmenta</strong></span> <span class='ocrx_word' id='word_1_170' title='bbox 1153 3280 1211 3326; x_wconf 90' lang='lat' dir='ltr'><strong>su·</strong></span> 
     </span>
     <span class='ocr_line' id='line_1_24' title="bbox 137 3375 1211 3476; baseline 0.001 -26"><span class='ocrx_word' id='word_1_171' title='bbox 137 3393 296 3476; x_wconf 90' lang='lat' dir='ltr'><strong>persunt</strong></span> <span class='ocrx_word' id='word_1_172' title='bbox 323 3375 424 3474; x_wconf 92' lang='lat' dir='ltr'><strong>apud</strong></span> <span class='ocrx_word' id='word_1_173' title='bbox 458 3377 658 3473; x_wconf 88' lang='lat' dir='ltr'><strong>scriptores</strong></span> <span class='ocrx_word' id='word_1_174' title='bbox 691 3401 798 3473; x_wconf 91' lang='lat' dir='ltr'><strong>syros</strong></span> <span class='ocrx_word' id='word_1_175' title='bbox 826 3393 864 3450; x_wconf 90' lang='lat' dir='ltr'><strong>et</strong></span> <span class='ocrx_word' id='word_1_176' title='bbox 895 3401 1079 3462; x_wconf 88' lang='lat' dir='ltr'><strong>armenos,</strong></span> <span class='ocrx_word' id='word_1_177' title='bbox 1115 3404 1211 3475; x_wconf 92' lang='lat' dir='ltr'><strong>quos</strong></span> 
     </span>
    </p>
   </div>
   <div class='ocr_carea' id='block_1_5' title="bbox 139 3643 1211 4216">
    <p class='ocr_par' dir='ltr' id='par_1_6' title="bbox 139 3643 1211 4216">
     <span class='ocr_line' id='line_1_25' title="bbox 213 3643 1210 3717; baseline -0.002 -17"><span class='ocrx_word' id='word_1_178' title='bbox 213 3647 256 3714; x_wconf 89' lang='lat'><strong>(1)</strong></span> <span class='ocrx_word' id='word_1_179' title='bbox 275 3646 362 3698; x_wconf 69' lang='lat' dir='ltr'><strong>Lr&#39;lh&#39;r.</strong></span> <span class='ocrx_word' id='word_1_180' title='bbox 390 3663 502 3717; x_wconf 62' lang='lat' dir='ltr'><strong>praeque,</strong></span> <span class='ocrx_word' id='word_1_181' title='bbox 527 3665 551 3717; x_wconf 90' lang='lat' dir='ltr'><strong>p.</strong></span> <span class='ocrx_word' id='word_1_182' title='bbox 581 3643 645 3710; x_wconf 90' lang='lat'>106;</span> <span class='ocrx_word' id='word_1_183' title='bbox 670 3647 703 3700; x_wconf 86' lang='lat' dir='ltr'><strong>cl.</strong></span> <span class='ocrx_word' id='word_1_184' title='bbox 729 3645 789 3698; x_wconf 74' lang='lat' dir='ltr'><strong>lou.</strong></span> <span class='ocrx_word' id='word_1_185' title='bbox 818 3645 955 3710; x_wconf 77' lang='lat' dir='ltr'><strong>MERcaTl,</strong></span> <span class='ocrx_word' id='word_1_186' title='bbox 980 3645 1091 3700; x_wconf 84' lang='lat' dir='ltr'><strong>efferens</strong></span> <span class='ocrx_word' id='word_1_187' title='bbox 1116 3646 1210 3717; x_wconf 78' lang='lat' dir='ltr'><strong>fragm.</strong></span> 
     </span>
     <span class='ocr_line' id='line_1_26' title="bbox 139 3723 1211 3801; baseline -0.001 -18"><span class='ocrx_word' id='word_1_188' title='bbox 139 3731 187 3796; x_wconf 90' lang='grc' dir='ltr'><strong>ΙΙΙ,</strong></span> <span class='ocrx_word' id='word_1_189' title='bbox 210 3745 232 3799; x_wconf 84' lang='lat'><strong>3,</strong></span> <span class='ocrx_word' id='word_1_190' title='bbox 251 3745 268 3794; x_wconf 81' lang='grc'>4</span> <span class='ocrx_word' id='word_1_191' title='bbox 287 3747 320 3782; x_wconf 82' lang='lat' dir='ltr'><strong>ex</strong></span> <span class='ocrx_word' id='word_1_192' title='bbox 339 3730 484 3800; x_wconf 82' lang='lat' dir='ltr'><strong>Agobardo</strong></span> <span class='ocrx_word' id='word_1_193' title='bbox 509 3731 628 3794; x_wconf 87' lang='lat' dir='ltr'><strong>allatum,</strong></span> <span class='ocrx_word' id='word_1_194' title='bbox 652 3730 722 3800; x_wconf 93' lang='lat' dir='ltr'><strong>quod</strong></span> <span class='ocrx_word' id='word_1_195' title='bbox 741 3747 756 3782; x_wconf 80' lang='lat' dir='ltr'><strong>a</strong></span> <span class='ocrx_word' id='word_1_196' title='bbox 775 3723 857 3782; x_wconf 68' lang='lat' dir='ltr'><strong>latini</strong></span> <span class='ocrx_word' id='word_1_197' title='bbox 876 3743 967 3782; x_wconf 84' lang='lat' dir='ltr'><strong>nostra</strong></span> <span class='ocrx_word' id='word_1_198' title='bbox 991 3732 1113 3784; x_wconf 85' lang='lat' dir='ltr'><strong>versione</strong></span> <span class='ocrx_word' id='word_1_199' title='bbox 1132 3732 1211 3801; x_wconf 89' lang='lat' dir='ltr'><strong>pluri-</strong></span> 
     </span>
     <span class='ocr_line' id='line_1_27' title="bbox 140 3814 1210 3885; baseline -0.003 -17"><span class='ocrx_word' id='word_1_200' title='bbox 140 3832 216 3868; x_wconf 90' lang='lat' dir='ltr'><strong>mum</strong></span> <span class='ocrx_word' id='word_1_201' title='bbox 244 3815 374 3876; x_wconf 83' lang='lat' dir='ltr'><strong>dissentit,</strong></span> <span class='ocrx_word' id='word_1_202' title='bbox 399 3827 470 3866; x_wconf 81' lang='lat' dir='ltr'><strong>ratus</strong></span> <span class='ocrx_word' id='word_1_203' title='bbox 495 3825 534 3867; x_wconf 87' lang='lat' dir='ltr'><strong>est</strong></span> <span class='ocrx_word' id='word_1_204' title='bbox 560 3815 610 3867; x_wconf 88' lang='lat' dir='ltr'><strong>hoc</strong></span> <span class='ocrx_word' id='word_1_205' title='bbox 634 3831 691 3867; x_wconf 89' lang='lat' dir='ltr'><strong>esse</strong></span> <span class='ocrx_word' id='word_1_206' title='bbox 716 3829 749 3867; x_wconf 83' lang='lat' dir='ltr'><strong>ex</strong></span> <span class='ocrx_word' id='word_1_207' title='bbox 773 3814 865 3866; x_wconf 78' lang='lat' dir='ltr'><strong>celtica</strong></span> <span class='ocrx_word' id='word_1_208' title='bbox 889 3815 1024 3885; x_wconf 82' lang='lat' dir='ltr'><strong>primaeva</strong></span> <span class='ocrx_word' id='word_1_209' title='bbox 1053 3816 1210 3884; x_wconf 82' lang='lat' dir='ltr'><strong>relliquinm,</strong></span> 
     </span>
     <span class='ocr_line' id='line_1_28' title="bbox 139 3896 1210 3970; baseline -0.002 -20"><span class='ocrx_word' id='word_1_210' title='bbox 139 3911 261 3950; x_wconf 84' lang='lat' dir='ltr'><strong>nostram</strong></span> <span class='ocrx_word' id='word_1_211' title='bbox 280 3915 344 3950; x_wconf 87' lang='lat' dir='ltr'><strong>vero</strong></span> <span class='ocrx_word' id='word_1_212' title='bbox 359 3915 391 3951; x_wconf 82' lang='lat' dir='ltr'><strong>ex</strong></span> <span class='ocrx_word' id='word_1_213' title='bbox 406 3896 463 3950; x_wconf 74' lang='lat' dir='ltr'><strong>Afr.</strong></span> <span class='ocrx_word' id='word_1_214' title='bbox 484 3915 594 3951; x_wconf 78' lang='lat' dir='ltr'><strong>romana</strong></span> <span class='ocrx_word' id='word_1_215' title='bbox 615 3899 706 3970; x_wconf 85' lang='lat' dir='ltr'><strong>[quam</strong></span> <span class='ocrx_word' id='word_1_216' title='bbox 725 3898 879 3968; x_wconf 90' lang='lat' dir='ltr'><strong>opinionem</strong></span> <span class='ocrx_word' id='word_1_217' title='bbox 899 3911 924 3952; x_wconf 89' lang='lat' dir='ltr'><strong>et</strong></span> <span class='ocrx_word' id='word_1_218' title='bbox 943 3899 1065 3952; x_wconf 86' lang='lat' dir='ltr'><strong>Wolfflin</strong></span> <span class='ocrx_word' id='word_1_219' title='bbox 1084 3898 1174 3966; x_wconf 79' lang='lat' dir='ltr'><strong>(Arcb.</strong></span> <span class='ocrx_word' id='word_1_220' title='bbox 1187 3898 1210 3966; x_wconf 84' lang='lat' dir='ltr'><strong>s.</strong></span> 
     </span>
     <span class='ocr_line' id='line_1_29' title="bbox 140 3979 1211 4053; baseline -0.003 -18"><span class='ocrx_word' id='word_1_221' title='bbox 140 3981 183 4036; x_wconf 78' lang='lat' dir='ltr'><strong>lat.</strong></span> <span class='ocrx_word' id='word_1_222' title='bbox 200 3979 342 4052; x_wconf 69' lang='lat' dir='ltr'><strong>laext&#39;cogr,</strong></span> <span class='ocrx_word' id='word_1_223' title='bbox 362 3982 437 4051; x_wconf 86' lang='lat'>1892,</span> <span class='ocrx_word' id='word_1_224' title='bbox 453 3999 477 4052; x_wconf 92' lang='lat' dir='ltr'><strong>p.</strong></span> <span class='ocrx_word' id='word_1_225' title='bbox 495 3979 543 4034; x_wconf 87' lang='lat'><strong>126</strong></span> <span class='ocrx_word' id='word_1_226' title='bbox 559 3983 609 4053; x_wconf 88' lang='lat' dir='ltr'><strong>sq.)</strong></span> <span class='ocrx_word' id='word_1_227' title='bbox 624 3982 779 4052; x_wconf 83' lang='lat' dir='ltr'><strong>protulerat]</strong></span> <span class='ocrx_word' id='word_1_228' title='bbox 791 3999 848 4035; x_wconf 88' lang='lat' dir='ltr'><strong>esse</strong></span> <span class='ocrx_word' id='word_1_229' title='bbox 861 3981 1030 4052; x_wconf 81' lang='lat' dir='ltr'><strong>repetendam</strong></span> <span class='ocrx_word' id='word_1_230' title='bbox 1044 3982 1146 4050; x_wconf 77' lang='lat' dir='ltr'><strong>(h&#39;uooi</strong></span> <span class='ocrx_word' id='word_1_231' title='bbox 1157 3999 1211 4033; x_wconf 82' lang='lat' dir='ltr'><strong>sus-</strong></span> 
     </span>
     <span class='ocr_line' id='line_1_30' title="bbox 140 4063 1210 4136; baseline 0 -20"><span class='ocrx_word' id='word_1_232' title='bbox 140 4063 190 4116; x_wconf 78' lang='lat' dir='ltr'><strong>sidi</strong></span> <span class='ocrx_word' id='word_1_233' title='bbox 200 4073 247 4134; x_wconf 80' lang='lat' dir='ltr'><strong>per</strong></span> <span class='ocrx_word' id='word_1_234' title='bbox 262 4063 286 4115; x_wconf 81' lang='lat' dir='ltr'><strong>lo</strong></span> <span class='ocrx_word' id='word_1_235' title='bbox 302 4063 513 4116; x_wconf 70' lang='lat' dir='ltr'><strong>criu&#39;cadelusto</strong></span> <span class='ocrx_word' id='word_1_236' title='bbox 528 4065 588 4116; x_wconf 86' lang='lat' dir='ltr'><strong>dis.</strong></span> <span class='ocrx_word' id='word_1_237' title='bbox 606 4065 686 4136; x_wconf 74' lang='lat' dir='ltr'><strong>Cipr,</strong></span> <span class='ocrx_word' id='word_1_238' title='bbox 711 4066 798 4135; x_wconf 62' lang='lat'><strong>1893).</strong></span> <span class='ocrx_word' id='word_1_239' title='bbox 835 4065 872 4118; x_wconf 81' lang='lat' dir='ltr'><strong>At</strong></span> <span class='ocrx_word' id='word_1_240' title='bbox 891 4064 1087 4118; x_wconf 80' lang='lat' dir='ltr'><strong>difficultatibus</strong></span> <span class='ocrx_word' id='word_1_241' title='bbox 1107 4081 1210 4134; x_wconf 84' lang='lat' dir='ltr'><strong>pressus</strong></span> 
     </span>
     <span class='ocr_line' id='line_1_31' title="bbox 140 4145 1128 4216; baseline 0.004 -19"><span class='ocrx_word' id='word_1_242' title='bbox 140 4145 312 4216; x_wconf 76' lang='lat' dir='ltr'><strong>hypothesim</strong></span> <span class='ocrx_word' id='word_1_243' title='bbox 332 4147 387 4216; x_wconf 88' lang='lat' dir='ltr'><strong>ipse</strong></span> <span class='ocrx_word' id='word_1_244' title='bbox 407 4147 496 4200; x_wconf 84' lang='lat' dir='ltr'><strong>reiecit</strong></span> <span class='ocrx_word' id='word_1_245' title='bbox 515 4147 600 4214; x_wconf 65' lang='lat' dir='ltr'><strong>(Sturii</strong></span> <span class='ocrx_word' id='word_1_246' title='bbox 616 4148 644 4199; x_wconf 79' lang='lat' dir='ltr'><strong>di</strong></span> <span class='ocrx_word' id='word_1_247' title='bbox 661 4147 709 4200; x_wconf 77' lang='lat' dir='ltr'><strong>lul.</strong></span> <span class='ocrx_word' id='word_1_248' title='bbox 729 4147 786 4200; x_wconf 81' lang='lat' dir='ltr'><strong>bibl.</strong></span> <span class='ocrx_word' id='word_1_249' title='bbox 806 4165 817 4198; x_wconf 77' lang='lat' dir='ltr'><strong>e</strong></span> <span class='ocrx_word' id='word_1_250' title='bbox 836 4150 905 4200; x_wconf 81' lang='lat' dir='ltr'><strong>crist.</strong></span> <span class='ocrx_word' id='word_1_251' title='bbox 926 4150 1017 4210; x_wconf 77' lang='lat' dir='ltr'><strong>antico,</strong></span> <span class='ocrx_word' id='word_1_252' title='bbox 1041 4151 1128 4216; x_wconf 76' lang='lat'><strong>1901).</strong></span> 
     </span>
    </p>
   </div>
   <div class='ocr_carea' id='block_1_6' title="bbox 214 4341 1140 4410">
    <p class='ocr_par' dir='ltr' id='par_1_7' title="bbox 214 4341 1140 4410">
     <span class='ocr_line' id='line_1_32' title="bbox 214 4341 1140 4410; baseline 0.006 -13"><span class='ocrx_word' id='word_1_253' title='bbox 214 4357 268 4398; x_wconf 68' lang='lat' dir='ltr'><strong>atri.</strong></span> <span class='ocrx_word' id='word_1_254' title='bbox 283 4357 350 4398; x_wconf 71' lang='lat' dir='ltr'><strong>sna.</strong></span> <span class='ocrx_word' id='word_1_255' title='bbox 366 4355 421 4398; x_wconf 68' lang='lat' dir='ltr'><strong>rm.</strong></span> <span class='ocrx_word' id='word_1_256' title='bbox 438 4357 491 4410; x_wconf 68' lang='lat' dir='ltr'><strong>(ser.</strong></span> <span class='ocrx_word' id='word_1_257' title='bbox 505 4359 534 4410; x_wconf 84' lang='lat' dir='ltr'><strong>u)</strong></span> <span class='ocrx_word' id='word_1_258' title='bbox 549 4359 587 4400; x_wconf 83' lang='lat' dir='ltr'><strong>ru.</strong></span> <span class='ocrx_word' id='word_1_259' title='bbox 1122 4341 1140 4394; x_wconf 78' lang='lat'><strong>2</strong></span> 
     </span>
    </p>
   </div>
   <div class='ocr_carea' id='block_1_7' title="bbox 0 0 1590 5044">
    <p class='ocr_par' dir='ltr' id='par_1_8' title="bbox 0 0 1590 5044">
     <span class='ocr_line' id='line_1_33' title="bbox 0 0 1590 5044; baseline 0 0"><span class='ocrx_word' id='word_1_260' title='bbox 0 0 1590 5044; x_wconf 95' lang='lat' dir='ltr'><strong> </strong></span> 
     </span>
    </p>
   </div>
  </div>
 </body>
</html>
