<?xml version="1.0" encoding="UTF-8"?>
<!DOCTYPE html PUBLIC "-//W3C//DTD XHTML 1.0 Transitional//EN"
    "http://www.w3.org/TR/xhtml1/DTD/xhtml1-transitional.dtd">
<html xmlns="http://www.w3.org/1999/xhtml" xml:lang="en" lang="en">
 <head>
  <title>
</title>
<meta http-equiv="Content-Type" content="text/html;charset=utf-8" />
  <meta name='ocr-system' content='tesseract 3.04.00' />
  <meta name='ocr-capabilities' content='ocr_page ocr_carea ocr_par ocr_line ocrx_word'/>
</head>
<body>
  <div class='ocr_page' id='page_1' title='image "./adversushaerese00irengoog_0264.png"; bbox 0 0 3288 5060; ppageno 0'>
   <div class='ocr_carea' id='block_1_1' title="bbox 666 457 894 505">
    <p class='ocr_par' dir='ltr' id='par_1_1' title="bbox 666 457 894 505">
     <span class='ocr_line' id='line_1_1' title="bbox 666 457 894 505; baseline 0 -2"><span class='ocrx_word' id='word_1_1' title='bbox 666 457 756 505; x_wconf 78' lang='lat' dir='ltr'>LIBER</span> <span class='ocrx_word' id='word_1_2' title='bbox 780 457 894 504; x_wconf 81' lang='lat' dir='ltr'><strong>PRIMUS</strong></span> 
     </span>
    </p>
   </div>
   <div class='ocr_carea' id='block_1_2' title="bbox 242 455 1307 528">
    <p class='ocr_par' dir='ltr' id='par_1_2' title="bbox 242 455 1307 528">
     <span class='ocr_line' id='line_1_2' title="bbox 242 455 1307 528; baseline 0.007 -15"><span class='ocrx_word' id='word_1_3' title='bbox 242 459 328 528; x_wconf 78' lang='lat' dir='ltr'>(xix,</span> <span class='ocrx_word' id='word_1_4' title='bbox 350 460 434 528; x_wconf 53' lang='lat' dir='ltr'>att]</span> <span class='ocrx_word' id='word_1_5' title='bbox 1146 491 1150 497; x_wconf 95' lang='lat'><em>-</em></span> <span class='ocrx_word' id='word_1_6' title='bbox 1244 455 1307 522; x_wconf 86' lang='lat'>259</span> 
     </span>
    </p>
   </div>
   <div class='ocr_carea' id='block_1_3' title="bbox 238 631 1380 2550">
    <p class='ocr_par' dir='ltr' id='par_1_3' title="bbox 238 631 1380 2211">
     <span class='ocr_line' id='line_1_3' title="bbox 308 631 1380 742; baseline -0.004 -23"><span class='ocrx_word' id='word_1_7' title='bbox 308 655 336 719; x_wconf 90' lang='lat'>6.</span> <span class='ocrx_word' id='word_1_8' title='bbox 361 652 459 742; x_wconf 86' lang='lat' dir='ltr'>Igitur</span> <span class='ocrx_word' id='word_1_9' title='bbox 481 653 535 740; x_wconf 92' lang='lat' dir='ltr'>qui</span> <span class='ocrx_word' id='word_1_10' title='bbox 559 650 634 718; x_wconf 84' lang='lat' dir='ltr'>haec</span> <span class='ocrx_word' id='word_1_11' title='bbox 656 648 809 730; x_wconf 87' lang='lat' dir='ltr'>didicerit,</span> <span class='ocrx_word' id='word_1_12' title='bbox 832 667 864 716; x_wconf 89' lang='lat' dir='ltr'>et</span> <span class='ocrx_word' id='word_1_13' title='bbox 887 648 1016 738; x_wconf 87' lang='lat' dir='ltr'>angelos</span> <span class='ocrx_word' id='word_1_14' title='bbox 1050 643 1163 715; x_wconf 84' lang='lat' dir='ltr'>o&#39;mnes</span> <span class='ocrx_word' id='word_1_15' title='bbox 1191 671 1311 737; x_wconf 91' lang='lat' dir='ltr'>cogno-</span> <span class='ocrx_word' id='word_1_16' title='bbox 1373 631 1380 644; x_wconf 54' lang='lat'>⁸</span> 
     </span>
     <span class='ocr_line' id='line_1_4' title="bbox 239 752 1309 841; baseline -0.003 -19"><span class='ocrx_word' id='word_1_17' title='bbox 239 759 328 840; x_wconf 76' lang='lat' dir='ltr'>verit,</span> <span class='ocrx_word' id='word_1_18' title='bbox 352 774 382 824; x_wconf 90' lang='lat' dir='ltr'>et</span> <span class='ocrx_word' id='word_1_19' title='bbox 405 779 514 824; x_wconf 84' lang='lat' dir='ltr'>causas</span> <span class='ocrx_word' id='word_1_20' title='bbox 541 777 664 836; x_wconf 89' lang='lat' dir='ltr'>eorum,</span> <span class='ocrx_word' id='word_1_21' title='bbox 690 752 880 822; x_wconf 87' lang='lat' dir='ltr'>invisibilem</span> <span class='ocrx_word' id='word_1_22' title='bbox 903 771 934 820; x_wconf 89' lang='lat' dir='ltr'>et</span> <span class='ocrx_word' id='word_1_23' title='bbox 958 752 1309 841; x_wconf 83' lang='lat' dir='ltr'>incomprehensibilem</span> 
     </span>
     <span class='ocr_line' id='line_1_5' title="bbox 239 858 1308 952; baseline -0.006 -21"><span class='ocrx_word' id='word_1_24' title='bbox 239 888 314 931; x_wconf 89' lang='lat' dir='ltr'>eunt</span> <span class='ocrx_word' id='word_1_25' title='bbox 336 863 454 952; x_wconf 85' lang='lat' dir='ltr'>angelis</span> <span class='ocrx_word' id='word_1_26' title='bbox 477 879 507 929; x_wconf 91' lang='lat' dir='ltr'>et</span> <span class='ocrx_word' id='word_1_27' title='bbox 530 861 734 950; x_wconf 79' lang='lat' dir='ltr'>potestatibus</span> <span class='ocrx_word' id='word_1_28' title='bbox 757 861 913 926; x_wconf 88' lang='lat' dir='ltr'>universis</span> <span class='ocrx_word' id='word_1_29' title='bbox 937 860 1016 940; x_wconf 88' lang='lat' dir='ltr'>lieri,</span> <span class='ocrx_word' id='word_1_30' title='bbox 1039 858 1308 948; x_wconf 83' lang='lat' dir='ltr'>quemadmodum</span> 
     </span>
     <span class='ocr_line' id='line_1_6' title="bbox 239 963 1308 1054; baseline -0.007 -16"><span class='ocrx_word' id='word_1_31' title='bbox 239 989 268 1038; x_wconf 89' lang='lat' dir='ltr'>et</span> <span class='ocrx_word' id='word_1_32' title='bbox 293 969 449 1039; x_wconf 89' lang='lat' dir='ltr'>Caulacau</span> <span class='ocrx_word' id='word_1_33' title='bbox 473 967 579 1036; x_wconf 82' lang='lat' dir='ltr'>fuisse.</span> <span class='ocrx_word' id='word_1_34' title='bbox 626 967 666 1034; x_wconf 89' lang='lat' dir='ltr'>Et</span> <span class='ocrx_word' id='word_1_35' title='bbox 693 967 774 1034; x_wconf 91' lang='lat' dir='ltr'>sicut</span> <span class='ocrx_word' id='word_1_36' title='bbox 805 965 907 1032; x_wconf 87' lang='lat' dir='ltr'>filium</span> <span class='ocrx_word' id='word_1_37' title='bbox 935 968 1132 1054; x_wconf 83' lang='lat' dir='ltr'>incognitum</span> <span class='ocrx_word' id='word_1_38' title='bbox 1159 963 1308 1032; x_wconf 90' lang='lat' dir='ltr'>omnibus</span> 
     </span>
     <span class='ocr_line' id='line_1_7' title="bbox 238 1073 1309 1165; baseline -0.003 -21"><span class='ocrx_word' id='word_1_39' title='bbox 238 1101 317 1160; x_wconf 88' lang='lat' dir='ltr'>esse,</span> <span class='ocrx_word' id='word_1_40' title='bbox 330 1078 374 1144; x_wconf 88' lang='lat' dir='ltr'>sic</span> <span class='ocrx_word' id='word_1_41' title='bbox 389 1092 420 1144; x_wconf 87' lang='lat' dir='ltr'>et</span> <span class='ocrx_word' id='word_1_42' title='bbox 431 1078 517 1165; x_wconf 90' lang='lat' dir='ltr'>ipsos</span> <span class='ocrx_word' id='word_1_43' title='bbox 532 1099 548 1141; x_wconf 94' lang='lat' dir='ltr'>a</span> <span class='ocrx_word' id='word_1_44' title='bbox 561 1077 687 1144; x_wconf 90' lang='lat' dir='ltr'>nemine</span> <span class='ocrx_word' id='word_1_45' title='bbox 699 1091 843 1162; x_wconf 87' lang='lat' dir='ltr'>oportere</span> <span class='ocrx_word' id='word_1_46' title='bbox 856 1076 1021 1163; x_wconf 83' lang='lat' dir='ltr'>cognosci3</span> <span class='ocrx_word' id='word_1_47' title='bbox 1033 1073 1087 1142; x_wconf 91' lang='lat' dir='ltr'>sed</span> <span class='ocrx_word' id='word_1_48' title='bbox 1099 1097 1197 1162; x_wconf 90' lang='lat' dir='ltr'>quum</span> <span class='ocrx_word' id='word_1_49' title='bbox 1210 1075 1309 1141; x_wconf 91' lang='lat' dir='ltr'>sciant</span> 
     </span>
     <span class='ocr_line' id='line_1_8' title="bbox 238 1180 1308 1274; baseline -0.006 -21"><span class='ocrx_word' id='word_1_50' title='bbox 238 1187 296 1274; x_wconf 93' lang='lat' dir='ltr'>ipsi</span> <span class='ocrx_word' id='word_1_51' title='bbox 312 1207 435 1264; x_wconf 89' lang='lat' dir='ltr'>omnes,</span> <span class='ocrx_word' id='word_1_52' title='bbox 451 1199 481 1250; x_wconf 92' lang='lat' dir='ltr'>et</span> <span class='ocrx_word' id='word_1_53' title='bbox 501 1205 555 1271; x_wconf 91' lang='lat' dir='ltr'>per</span> <span class='ocrx_word' id='word_1_54' title='bbox 570 1205 682 1250; x_wconf 91' lang='lat' dir='ltr'>omnes</span> <span class='ocrx_word' id='word_1_55' title='bbox 696 1198 863 1262; x_wconf 86' lang='lat' dir='ltr'>transeant,</span> <span class='ocrx_word' id='word_1_56' title='bbox 876 1182 961 1270; x_wconf 89' lang='lat' dir='ltr'>ipsos</span> <span class='ocrx_word' id='word_1_57' title='bbox 973 1180 1122 1248; x_wconf 91' lang='lat' dir='ltr'>omnibus</span> <span class='ocrx_word' id='word_1_58' title='bbox 1136 1180 1308 1250; x_wconf 89' lang='lat' dir='ltr'>invisibiles</span> 
     </span>
     <span class='ocr_line' id='line_1_9' title="bbox 239 1288 1308 1380; baseline -0.004 -20"><span class='ocrx_word' id='word_1_59' title='bbox 239 1310 269 1360; x_wconf 90' lang='lat' dir='ltr'>et</span> <span class='ocrx_word' id='word_1_60' title='bbox 295 1291 472 1380; x_wconf 90' lang='lat' dir='ltr'>incognitos</span> <span class='ocrx_word' id='word_1_61' title='bbox 495 1313 574 1356; x_wconf 89' lang='lat' dir='ltr'>esse.</span> <span class='ocrx_word' id='word_1_62' title='bbox 628 1288 682 1356; x_wconf 93' lang='lat' dir='ltr'>Tu</span> <span class='ocrx_word' id='word_1_63' title='bbox 706 1290 802 1370; x_wconf 90' lang='lat' dir='ltr'>enim,</span> <span class='ocrx_word' id='word_1_64' title='bbox 827 1290 923 1370; x_wconf 87' lang='lat' dir='ltr'>aiunt,</span> <span class='ocrx_word' id='word_1_65' title='bbox 946 1311 1059 1357; x_wconf 87' lang='lat' dir='ltr'>omnes</span> <span class='ocrx_word' id='word_1_66' title='bbox 1086 1310 1254 1376; x_wconf 82' lang='lat' dir='ltr'>cognosce,</span> <span class='ocrx_word' id='word_1_67' title='bbox 1277 1307 1308 1356; x_wconf 88' lang='lat' dir='ltr'>te</span> 
     </span>
     <span class='ocr_line' id='line_1_10' title="bbox 238 1393 1306 1484; baseline -0.002 -20"><span class='ocrx_word' id='word_1_68' title='bbox 238 1415 342 1465; x_wconf 90' lang='lat' dir='ltr'>autem</span> <span class='ocrx_word' id='word_1_69' title='bbox 366 1419 463 1464; x_wconf 92' lang='lat' dir='ltr'>nemo</span> <span class='ocrx_word' id='word_1_70' title='bbox 485 1395 704 1484; x_wconf 83' lang='lat' dir='ltr'>cognoscat.(¹)</span> <span class='ocrx_word' id='word_1_71' title='bbox 761 1395 963 1482; x_wconf 83' lang='lat' dir='ltr'>Quapropter</span> <span class='ocrx_word' id='word_1_72' title='bbox 985 1412 1016 1462; x_wconf 90' lang='lat' dir='ltr'>et</span> <span class='ocrx_word' id='word_1_73' title='bbox 1039 1395 1135 1482; x_wconf 91' lang='lat' dir='ltr'>parati</span> <span class='ocrx_word' id='word_1_74' title='bbox 1167 1410 1239 1461; x_wconf 91' lang='lat' dir='ltr'>sunt</span> <span class='ocrx_word' id='word_1_75' title='bbox 1268 1393 1306 1462; x_wconf 89' lang='lat' dir='ltr'>ad</span> 
     </span>
     <span class='ocr_line' id='line_1_11' title="bbox 239 1499 1307 1594; baseline -0.005 -22"><span class='ocrx_word' id='word_1_76' title='bbox 239 1503 477 1594; x_wconf 78' lang='lat' dir='ltr'>negationeml²l</span> <span class='ocrx_word' id='word_1_77' title='bbox 505 1505 559 1592; x_wconf 93' lang='lat' dir='ltr'>qui</span> <span class='ocrx_word' id='word_1_78' title='bbox 590 1519 663 1570; x_wconf 90' lang='lat' dir='ltr'>sunt</span> <span class='ocrx_word' id='word_1_79' title='bbox 690 1502 776 1583; x_wconf 78' lang='lat' dir='ltr'>taleS,</span> <span class='ocrx_word' id='word_1_80' title='bbox 800 1504 868 1570; x_wconf 91' lang='lat' dir='ltr'>imo</span> <span class='ocrx_word' id='word_1_81' title='bbox 892 1504 993 1590; x_wconf 89' lang='lat' dir='ltr'>magis</span> <span class='ocrx_word' id='word_1_82' title='bbox 1024 1525 1063 1568; x_wconf 91' lang='lat' dir='ltr'>ne</span> <span class='ocrx_word' id='word_1_83' title='bbox 1091 1503 1153 1590; x_wconf 91' lang='lat' dir='ltr'>pati</span> <span class='ocrx_word' id='word_1_84' title='bbox 1180 1499 1307 1590; x_wconf 87' lang='lat' dir='ltr'>quidem</span> 
     </span>
     <span class='ocr_line' id='line_1_12' title="bbox 238 1608 1308 1701; baseline -0.004 -23"><span class='ocrx_word' id='word_1_85' title='bbox 238 1629 362 1701; x_wconf 88' lang='lat' dir='ltr'>propter</span> <span class='ocrx_word' id='word_1_86' title='bbox 381 1633 500 1678; x_wconf 90' lang='lat' dir='ltr'>nomen</span> <span class='ocrx_word' id='word_1_87' title='bbox 522 1626 664 1700; x_wconf 90' lang='lat' dir='ltr'>possunt,</span> <span class='ocrx_word' id='word_1_88' title='bbox 683 1632 783 1698; x_wconf 92' lang='lat' dir='ltr'>quum</span> <span class='ocrx_word' id='word_1_89' title='bbox 806 1611 868 1676; x_wconf 91' lang='lat' dir='ltr'>sint</span> <span class='ocrx_word' id='word_1_90' title='bbox 887 1608 1035 1676; x_wconf 90' lang='lat' dir='ltr'>omnibus</span> <span class='ocrx_word' id='word_1_91' title='bbox 1056 1608 1186 1676; x_wconf 89' lang='lat' dir='ltr'>similes.</span> <span class='ocrx_word' id='word_1_92' title='bbox 1231 1609 1308 1676; x_wconf 93' lang='lat' dir='ltr'>Non</span> 
     </span>
     <span class='ocr_line' id='line_1_13' title="bbox 238 1714 1307 1806; baseline -0.002 -22"><span class='ocrx_word' id='word_1_93' title='bbox 238 1735 343 1784; x_wconf 87' lang='lat' dir='ltr'>autem</span> <span class='ocrx_word' id='word_1_94' title='bbox 363 1718 480 1784; x_wconf 88' lang='lat' dir='ltr'>multos</span> <span class='ocrx_word' id='word_1_95' title='bbox 499 1718 578 1784; x_wconf 90' lang='lat' dir='ltr'>scire</span> <span class='ocrx_word' id='word_1_96' title='bbox 601 1739 693 1806; x_wconf 90' lang='lat' dir='ltr'>posse</span> <span class='ocrx_word' id='word_1_97' title='bbox 717 1716 802 1796; x_wconf 88' lang='lat' dir='ltr'>haec,</span> <span class='ocrx_word' id='word_1_98' title='bbox 831 1715 885 1783; x_wconf 81' lang='lat' dir='ltr'>sed</span> <span class='ocrx_word' id='word_1_99' title='bbox 908 1738 1008 1782; x_wconf 90' lang='lat' dir='ltr'>unum</span> <span class='ocrx_word' id='word_1_100' title='bbox 1032 1739 1049 1782; x_wconf 90' lang='lat' dir='ltr'>a</span> <span class='ocrx_word' id='word_1_101' title='bbox 1073 1715 1170 1798; x_wconf 90' lang='lat' dir='ltr'>mille,</span> <span class='ocrx_word' id='word_1_102' title='bbox 1190 1735 1220 1784; x_wconf 90' lang='lat' dir='ltr'>et</span> <span class='ocrx_word' id='word_1_103' title='bbox 1243 1714 1307 1783; x_wconf 93' lang='lat' dir='ltr'>duo</span> 
     </span>
     <span class='ocr_line' id='line_1_14' title="bbox 239 1819 1308 1912; baseline -0.002 -22"><span class='ocrx_word' id='word_1_104' title='bbox 239 1821 514 1912; x_wconf 77' lang='lat' dir='ltr'>amyriadibus.&lt;⁵)</span> <span class='ocrx_word' id='word_1_105' title='bbox 558 1822 597 1889; x_wconf 89' lang='lat' dir='ltr'>Et</span> <span class='ocrx_word' id='word_1_106' title='bbox 616 1821 743 1890; x_wconf 89' lang='lat' dir='ltr'>iudaeos</span> <span class='ocrx_word' id='word_1_107' title='bbox 758 1819 886 1910; x_wconf 87' lang='lat' dir='ltr'>quidem</span> <span class='ocrx_word' id='word_1_108' title='bbox 904 1823 968 1888; x_wconf 89' lang='lat' dir='ltr'>iam</span> <span class='ocrx_word' id='word_1_109' title='bbox 986 1845 1052 1889; x_wconf 91' lang='lat' dir='ltr'>non</span> <span class='ocrx_word' id='word_1_110' title='bbox 1066 1845 1135 1889; x_wconf 88' lang='lat' dir='ltr'>esse</span> <span class='ocrx_word' id='word_1_111' title='bbox 1153 1821 1308 1903; x_wconf 76' lang='lat' dir='ltr'>dicunt‚(⁴)</span> 
     </span>
     <span class='ocr_line' id='line_1_15' title="bbox 239 1927 1309 2017; baseline -0.002 -21"><span class='ocrx_word' id='word_1_112' title='bbox 239 1929 424 1996; x_wconf 88' lang='lat' dir='ltr'>christianos</span> <span class='ocrx_word' id='word_1_113' title='bbox 447 1945 552 1996; x_wconf 89' lang='lat' dir='ltr'>autem</span> <span class='ocrx_word' id='word_1_114' title='bbox 576 1927 739 1996; x_wconf 89' lang='lat' dir='ltr'>nondum:</span> <span class='ocrx_word' id='word_1_115' title='bbox 759 1945 789 1994; x_wconf 88' lang='lat' dir='ltr'>et</span> <span class='ocrx_word' id='word_1_116' title='bbox 811 1951 877 1995; x_wconf 92' lang='lat' dir='ltr'>non</span> <span class='ocrx_word' id='word_1_117' title='bbox 900 1946 1045 2016; x_wconf 89' lang='lat' dir='ltr'>oportere</span> <span class='ocrx_word' id='word_1_118' title='bbox 1069 1930 1201 1996; x_wconf 92' lang='lat' dir='ltr'>omnino</span> <span class='ocrx_word' id='word_1_119' title='bbox 1224 1930 1309 2017; x_wconf 93' lang='lat' dir='ltr'>ipso-</span> 
     </span>
     <span class='ocr_line' id='line_1_16' title="bbox 238 2033 1308 2125; baseline -0.001 -21"><span class='ocrx_word' id='word_1_120' title='bbox 238 2061 309 2104; x_wconf 93' lang='lat' dir='ltr'>rum</span> <span class='ocrx_word' id='word_1_121' title='bbox 330 2038 479 2125; x_wconf 88' lang='lat' dir='ltr'>mysteria</span> <span class='ocrx_word' id='word_1_122' title='bbox 503 2035 601 2117; x_wconf 85' lang='lat' dir='ltr'>effari,</span> <span class='ocrx_word' id='word_1_123' title='bbox 625 2033 680 2102; x_wconf 90' lang='lat' dir='ltr'>sed</span> <span class='ocrx_word' id='word_1_124' title='bbox 698 2037 732 2103; x_wconf 94' lang='lat' dir='ltr'>in</span> <span class='ocrx_word' id='word_1_125' title='bbox 750 2033 933 2103; x_wconf 90' lang='lat' dir='ltr'>abscondito</span> <span class='ocrx_word' id='word_1_126' title='bbox 958 2037 1117 2102; x_wconf 90' lang='lat' dir='ltr'>continere</span> <span class='ocrx_word' id='word_1_127' title='bbox 1140 2058 1195 2124; x_wconf 89' lang='lat' dir='ltr'>per</span> <span class='ocrx_word' id='word_1_128' title='bbox 1214 2035 1308 2103; x_wconf 89' lang='lat' dir='ltr'>silen-</span> 
     </span>
     <span class='ocr_line' id='line_1_17' title="bbox 239 2146 330 2211; baseline -0.011 0"><span class='ocrx_word' id='word_1_129' title='bbox 239 2146 330 2211; x_wconf 91' lang='lat' dir='ltr'>tium.</span> 
     </span>
    </p>

    <p class='ocr_par' dir='ltr' id='par_1_4' title="bbox 239 2249 1308 2550">
     <span class='ocr_line' id='line_1_18' title="bbox 306 2249 1308 2342; baseline -0.003 -25"><span class='ocrx_word' id='word_1_130' title='bbox 306 2271 336 2338; x_wconf 87' lang='lat'>7.</span> <span class='ocrx_word' id='word_1_131' title='bbox 353 2251 457 2342; x_wconf 87' lang='lat' dir='ltr'><em>[WH.</em></span> <span class='ocrx_word' id='word_1_132' title='bbox 471 2251 563 2330; x_wconf 82' lang='lat' dir='ltr'><em>XIX,</em></span> <span class='ocrx_word' id='word_1_133' title='bbox 578 2249 624 2342; x_wconf 80' lang='lat'>4].</span> <span class='ocrx_word' id='word_1_134' title='bbox 670 2249 903 2316; x_wconf 89' lang='lat' dir='ltr'>Trecentorum</span> <span class='ocrx_word' id='word_1_135' title='bbox 920 2265 1024 2316; x_wconf 88' lang='lat' dir='ltr'>autem</span> <span class='ocrx_word' id='word_1_136' title='bbox 1042 2249 1200 2338; x_wconf 84' lang='lat' dir='ltr'>sexaginta</span> <span class='ocrx_word' id='word_1_137' title='bbox 1216 2249 1308 2337; x_wconf 92' lang='lat' dir='ltr'>quin-</span> 
     </span>
     <span class='ocr_line' id='line_1_19' title="bbox 239 2353 1308 2448; baseline -0.002 -24"><span class='ocrx_word' id='word_1_138' title='bbox 239 2382 298 2448; x_wconf 89' lang='lat' dir='ltr'>que</span> <span class='ocrx_word' id='word_1_139' title='bbox 317 2358 478 2426; x_wconf 87' lang='lat' dir='ltr'>caelorum</span> <span class='ocrx_word' id='word_1_140' title='bbox 497 2357 611 2424; x_wconf 89' lang='lat' dir='ltr'>locales</span> <span class='ocrx_word' id='word_1_141' title='bbox 629 2357 802 2444; x_wconf 90' lang='lat' dir='ltr'>positiones</span> <span class='ocrx_word' id='word_1_142' title='bbox 817 2353 1006 2424; x_wconf 87' lang='lat' dir='ltr'>distribuunt</span> <span class='ocrx_word' id='word_1_143' title='bbox 1025 2355 1168 2422; x_wconf 91' lang='lat' dir='ltr'>similiter</span> <span class='ocrx_word' id='word_1_144' title='bbox 1187 2371 1221 2421; x_wconf 91' lang='lat' dir='ltr'>ut</span> <span class='ocrx_word' id='word_1_145' title='bbox 1240 2379 1308 2422; x_wconf 90' lang='lat' dir='ltr'>ma-</span> 
     </span>
     <span class='ocr_line' id='line_1_20' title="bbox 239 2461 1306 2550; baseline -0.003 -19"><span class='ocrx_word' id='word_1_146' title='bbox 239 2464 450 2531; x_wconf 66' lang='lat' dir='ltr'>thematicissl</span> <span class='ocrx_word' id='word_1_147' title='bbox 495 2463 625 2531; x_wconf 90' lang='lat' dir='ltr'>Illorum</span> <span class='ocrx_word' id='word_1_148' title='bbox 640 2462 725 2529; x_wconf 90' lang='lat' dir='ltr'>enirn</span> <span class='ocrx_word' id='word_1_149' title='bbox 742 2461 936 2530; x_wconf 84' lang='lat' dir='ltr'>theoremata</span> <span class='ocrx_word' id='word_1_150' title='bbox 952 2463 1147 2550; x_wconf 82' lang='lat' dir='ltr'>accipientes,</span> <span class='ocrx_word' id='word_1_151' title='bbox 1164 2462 1195 2527; x_wconf 91' lang='lat' dir='ltr'>in</span> <span class='ocrx_word' id='word_1_152' title='bbox 1211 2485 1306 2529; x_wconf 91' lang='lat' dir='ltr'>suum</span> 
     </span>
    </p>
   </div>
   <div class='ocr_carea' id='block_1_4' title="bbox 244 2665 1307 2736">
    <p class='ocr_par' dir='ltr' id='par_1_5' title="bbox 244 2665 1307 2736">
     <span class='ocr_line' id='line_1_21' title="bbox 244 2665 1307 2736; baseline 0.001 -19"><span class='ocrx_word' id='word_1_153' title='bbox 244 2667 409 2721; x_wconf 70' lang='lat' dir='ltr'>«mortalis»</span> <span class='ocrx_word' id='word_1_154' title='bbox 424 2666 508 2735; x_wconf 84' lang='lat' dir='ltr'>[hebr.</span> <span class='ocrx_word' id='word_1_155' title='bbox 520 2675 690 2736; x_wconf 90' lang='lat' dir='ltr'>praeceptum</span> <span class='ocrx_word' id='word_1_156' title='bbox 703 2681 745 2718; x_wconf 91' lang='lat' dir='ltr'>su·</span> <span class='ocrx_word' id='word_1_157' title='bbox 799 2665 868 2736; x_wconf 86' lang='lat' dir='ltr'>ipsu,</span> <span class='ocrx_word' id='word_1_158' title='bbox 894 2666 1017 2719; x_wconf 91' lang='lat' dir='ltr'>omnibus</span> <span class='ocrx_word' id='word_1_159' title='bbox 1043 2666 1123 2719; x_wconf 89' lang='lat' dir='ltr'>simili</span> <span class='ocrx_word' id='word_1_160' title='bbox 1146 2666 1307 2730; x_wconf 90' lang='lat' dir='ltr'>hominibus,</span> 
     </span>
    </p>
   </div>
   <div class='ocr_carea' id='block_1_5' title="bbox 239 2748 748 4087">
    <p class='ocr_par' dir='ltr' id='par_1_6' title="bbox 240 2748 747 3745">
     <span class='ocr_line' id='line_1_22' title="bbox 240 2748 745 2822; baseline -0.008 -18"><span class='ocrx_word' id='word_1_161' title='bbox 240 2769 285 2822; x_wconf 88' lang='lat' dir='ltr'>pra</span> <span class='ocrx_word' id='word_1_162' title='bbox 305 2763 481 2822; x_wconf 89' lang='lat' dir='ltr'>praeceptum,</span> <span class='ocrx_word' id='word_1_163' title='bbox 501 2761 592 2820; x_wconf 87' lang='lat' dir='ltr'>utpote</span> <span class='ocrx_word' id='word_1_164' title='bbox 607 2748 745 2820; x_wconf 85' lang='lat' dir='ltr'>Demiurgi</span> 
     </span>
     <span class='ocr_line' id='line_1_23' title="bbox 240 2833 746 2906; baseline -0.004 -18"><span class='ocrx_word' id='word_1_165' title='bbox 240 2834 398 2906; x_wconf 86' lang='lat' dir='ltr'>legislatoris</span> <span class='ocrx_word' id='word_1_166' title='bbox 422 2833 593 2904; x_wconf 80' lang='lat' dir='ltr'>creaturamJ,</span> <span class='ocrx_word' id='word_1_167' title='bbox 621 2833 746 2898; x_wconf 63' lang='lat' dir='ltr'>«Zeesan</span> 
     </span>
     <span class='ocr_line' id='line_1_24' title="bbox 244 2917 745 2988; baseline 0.006 -20"><span class='ocrx_word' id='word_1_168' title='bbox 244 2919 385 2973; x_wconf 76' lang='lat' dir='ltr'>«Iordanis</span> <span class='ocrx_word' id='word_1_169' title='bbox 398 2935 503 2972; x_wconf 89' lang='lat' dir='ltr'>sursum</span> <span class='ocrx_word' id='word_1_170' title='bbox 515 2917 644 2971; x_wconf 83' lang='lat' dir='ltr'>fluentis»</span> <span class='ocrx_word' id='word_1_171' title='bbox 662 2918 745 2988; x_wconf 87' lang='lat' dir='ltr'>[hebr.</span> 
     </span>
     <span class='ocr_line' id='line_1_25' title="bbox 241 3001 747 3073; baseline -0.002 -18"><span class='ocrx_word' id='word_1_172' title='bbox 241 3001 747 3073; x_wconf 80' lang='lat' dir='ltr'>adhucpusillumquianempe,utmox</span> 
     </span>
     <span class='ocr_line' id='line_1_26' title="bbox 242 3086 747 3158; baseline 0.002 -19"><span class='ocrx_word' id='word_1_173' title='bbox 242 3087 345 3152; x_wconf 89' lang='lat' dir='ltr'>dicitur,</span> <span class='ocrx_word' id='word_1_174' title='bbox 357 3103 472 3158; x_wconf 82' lang='lat' dir='ltr'>pneuma</span> <span class='ocrx_word' id='word_1_175' title='bbox 487 3086 689 3158; x_wconf 87' lang='lat' dir='ltr'>quamplurimis</span> <span class='ocrx_word' id='word_1_176' title='bbox 702 3087 747 3140; x_wconf 87' lang='lat' dir='ltr'>ab·</span> 
     </span>
     <span class='ocr_line' id='line_1_27' title="bbox 241 3171 747 3244; baseline -0.004 -19"><span class='ocrx_word' id='word_1_177' title='bbox 241 3172 403 3244; x_wconf 81' lang='lat' dir='ltr'>sconditurJ:</span> <span class='ocrx_word' id='word_1_178' title='bbox 427 3184 488 3225; x_wconf 93' lang='lat' dir='ltr'>sunt</span> <span class='ocrx_word' id='word_1_179' title='bbox 513 3171 594 3244; x_wconf 82' lang='lat' dir='ltr'>igitur</span> <span class='ocrx_word' id='word_1_180' title='bbox 611 3172 662 3225; x_wconf 89' lang='lat' dir='ltr'>tria</span> <span class='ocrx_word' id='word_1_181' title='bbox 681 3171 747 3226; x_wconf 89' lang='lat' dir='ltr'>haec</span> 
     </span>
     <span class='ocr_line' id='line_1_28' title="bbox 241 3256 747 3328; baseline 0 -18"><span class='ocrx_word' id='word_1_182' title='bbox 241 3257 350 3310; x_wconf 89' lang='lat' dir='ltr'>nomina</span> <span class='ocrx_word' id='word_1_183' title='bbox 368 3257 441 3310; x_wconf 87' lang='lat' dir='ltr'>velut</span> <span class='ocrx_word' id='word_1_184' title='bbox 461 3268 551 3310; x_wconf 76' lang='lat' dir='ltr'>testera</span> <span class='ocrx_word' id='word_1_185' title='bbox 570 3256 647 3310; x_wconf 91' lang='lat' dir='ltr'>huius</span> <span class='ocrx_word' id='word_1_186' title='bbox 662 3269 747 3328; x_wconf 82' lang='lat' dir='ltr'>syste-</span> 
     </span>
     <span class='ocr_line' id='line_1_29' title="bbox 242 3341 747 3412; baseline 0 -20"><span class='ocrx_word' id='word_1_187' title='bbox 242 3341 328 3405; x_wconf 85' lang='lat' dir='ltr'>matis,</span> <span class='ocrx_word' id='word_1_188' title='bbox 347 3353 476 3412; x_wconf 90' lang='lat' dir='ltr'>quatenus</span> <span class='ocrx_word' id='word_1_189' title='bbox 494 3352 521 3394; x_wconf 88' lang='lat' dir='ltr'>et</span> <span class='ocrx_word' id='word_1_190' title='bbox 540 3341 639 3405; x_wconf 86' lang='lat' dir='ltr'>divina,</span> <span class='ocrx_word' id='word_1_191' title='bbox 654 3352 679 3393; x_wconf 90' lang='lat' dir='ltr'>et</span> <span class='ocrx_word' id='word_1_192' title='bbox 698 3341 747 3393; x_wconf 92' lang='lat' dir='ltr'>hu-</span> 
     </span>
     <span class='ocr_line' id='line_1_30' title="bbox 241 3423 747 3495; baseline 0 -19"><span class='ocrx_word' id='word_1_193' title='bbox 241 3441 328 3488; x_wconf 84' lang='lat' dir='ltr'>mana,</span> <span class='ocrx_word' id='word_1_194' title='bbox 343 3436 370 3478; x_wconf 91' lang='lat' dir='ltr'>et</span> <span class='ocrx_word' id='word_1_195' title='bbox 383 3425 504 3495; x_wconf 88' lang='lat' dir='ltr'>gnostica</span> <span class='ocrx_word' id='word_1_196' title='bbox 517 3425 640 3476; x_wconf 89' lang='lat' dir='ltr'>innuunt.</span> <span class='ocrx_word' id='word_1_197' title='bbox 679 3423 747 3477; x_wconf 89' lang='lat' dir='ltr'>Cau-</span> 
     </span>
     <span class='ocr_line' id='line_1_31' title="bbox 241 3507 745 3579; baseline -0.002 -18"><span class='ocrx_word' id='word_1_198' title='bbox 241 3509 315 3562; x_wconf 88' lang='lat' dir='ltr'>lacau</span> <span class='ocrx_word' id='word_1_199' title='bbox 334 3509 458 3562; x_wconf 90' lang='lat' dir='ltr'>omnibus</span> <span class='ocrx_word' id='word_1_200' title='bbox 477 3509 595 3578; x_wconf 91' lang='lat' dir='ltr'>superius</span> <span class='ocrx_word' id='word_1_201' title='bbox 611 3509 672 3579; x_wconf 90' lang='lat' dir='ltr'>quia</span> <span class='ocrx_word' id='word_1_202' title='bbox 691 3507 745 3562; x_wconf 90' lang='lat' dir='ltr'>Sal-</span> 
     </span>
     <span class='ocr_line' id='line_1_32' title="bbox 241 3593 747 3663; baseline 0.006 -20"><span class='ocrx_word' id='word_1_203' title='bbox 241 3593 340 3646; x_wconf 83' lang='lat' dir='ltr'>vatoris</span> <span class='ocrx_word' id='word_1_204' title='bbox 350 3603 398 3658; x_wconf 86' lang='lat' dir='ltr'>est,</span> <span class='ocrx_word' id='word_1_205' title='bbox 409 3604 438 3646; x_wconf 92' lang='lat' dir='ltr'>ut</span> <span class='ocrx_word' id='word_1_206' title='bbox 447 3609 478 3645; x_wconf 84' lang='lat' dir='ltr'>ex</span> <span class='ocrx_word' id='word_1_207' title='bbox 489 3609 560 3663; x_wconf 87' lang='lat' dir='ltr'>seqq.</span> <span class='ocrx_word' id='word_1_208' title='bbox 571 3593 657 3663; x_wconf 87' lang='lat' dir='ltr'>magis</span> <span class='ocrx_word' id='word_1_209' title='bbox 666 3605 747 3663; x_wconf 89' lang='lat' dir='ltr'>patet.</span> 
     </span>
     <span class='ocr_line' id='line_1_33' title="bbox 241 3675 566 3745; baseline -0.003 -15"><span class='ocrx_word' id='word_1_210' title='bbox 241 3675 308 3745; x_wconf 81' lang='lat' dir='ltr'>(Cir.</span> <span class='ocrx_word' id='word_1_211' title='bbox 329 3676 478 3731; x_wconf 74' lang='lat' dir='ltr'>Turonos.</span> <span class='ocrx_word' id='word_1_212' title='bbox 498 3678 518 3743; x_wconf 91' lang='lat'>1,</span> <span class='ocrx_word' id='word_1_213' title='bbox 537 3679 566 3743; x_wconf 85' lang='grc'>4)</span> 
     </span>
    </p>

    <p class='ocr_par' dir='ltr' id='par_1_7' title="bbox 239 3761 748 3999">
     <span class='ocr_line' id='line_1_34' title="bbox 276 3761 748 3830; baseline 0.002 -15"><span class='ocrx_word' id='word_1_214' title='bbox 276 3763 319 3830; x_wconf 89' lang='lat'>(1)</span> <span class='ocrx_word' id='word_1_215' title='bbox 332 3761 424 3816; x_wconf 70' lang='lat' dir='ltr'>Eutaia.</span> <span class='ocrx_word' id='word_1_216' title='bbox 440 3776 482 3828; x_wconf 75' lang='lat'>24,</span> <span class='ocrx_word' id='word_1_217' title='bbox 499 3775 527 3828; x_wconf 85' lang='lat'>5:</span> <span class='ocrx_word' id='word_1_218' title='bbox 543 3767 583 3814; x_wconf 80' lang='grc' dir='ltr'>ὅτι</span> <span class='ocrx_word' id='word_1_219' title='bbox 597 3765 669 3828; x_wconf 68' lang='grc' dir='ltr'><strong>ὑμεῖς</strong></span> <span class='ocrx_word' id='word_1_220' title='bbox 684 3765 748 3816; x_wconf 72' lang='grc' dir='ltr'><strong>πᾶν·</strong></span> 
     </span>
     <span class='ocr_line' id='line_1_35' title="bbox 242 3847 748 3918; baseline 0.004 -20"><span class='ocrx_word' id='word_1_221' title='bbox 242 3847 313 3918; x_wconf 84' lang='grc' dir='ltr'><strong>τα[ς]</strong></span> <span class='ocrx_word' id='word_1_222' title='bbox 334 3851 490 3914; x_wconf 78' lang='grc' dir='ltr'><strong>γινώσκετε,</strong></span> <span class='ocrx_word' id='word_1_223' title='bbox 511 3849 578 3914; x_wconf 75' lang='grc' dir='ltr'><strong>ὑμὰς</strong></span> <span class='ocrx_word' id='word_1_224' title='bbox 602 3851 632 3900; x_wconf 77' lang='lat' dir='ltr'>tt</span> <span class='ocrx_word' id='word_1_225' title='bbox 656 3852 748 3916; x_wconf 77' lang='grc' dir='ltr'><strong>μηοιίς</strong></span> 
     </span>
     <span class='ocr_line' id='line_1_36' title="bbox 239 3935 402 3999; baseline 0.006 -16"><span class='ocrx_word' id='word_1_226' title='bbox 239 3935 402 3999; x_wconf 73' lang='grc' dir='ltr'><strong>γινωσκέτω.</strong></span> 
     </span>
    </p>

    <p class='ocr_par' dir='ltr' id='par_1_8' title="bbox 276 4015 748 4087">
     <span class='ocr_line' id='line_1_37' title="bbox 276 4015 748 4087; baseline 0.004 -19"><span class='ocrx_word' id='word_1_227' title='bbox 276 4017 318 4083; x_wconf 88' lang='lat'>(2)</span> <span class='ocrx_word' id='word_1_228' title='bbox 338 4015 360 4070; x_wconf 93' lang='lat' dir='ltr'>I.</span> <span class='ocrx_word' id='word_1_229' title='bbox 379 4033 402 4070; x_wconf 90' lang='lat' dir='ltr'>e.</span> <span class='ocrx_word' id='word_1_230' title='bbox 422 4015 531 4080; x_wconf 86' lang='lat' dir='ltr'>Christi,</span> <span class='ocrx_word' id='word_1_231' title='bbox 550 4029 656 4087; x_wconf 89' lang='lat' dir='ltr'>propter</span> <span class='ocrx_word' id='word_1_232' title='bbox 674 4017 748 4070; x_wconf 89' lang='lat' dir='ltr'>cuius</span> 
     </span>
    </p>
   </div>
   <div class='ocr_carea' id='block_1_6' title="bbox 800 2748 1309 4082">
    <p class='ocr_par' dir='ltr' id='par_1_9' title="bbox 800 2748 1308 3158">
     <span class='ocr_line' id='line_1_38' title="bbox 801 2748 1308 2818; baseline 0.004 -18"><span class='ocrx_word' id='word_1_233' title='bbox 801 2748 828 2800; x_wconf 90' lang='lat' dir='ltr'>in</span> <span class='ocrx_word' id='word_1_234' title='bbox 838 2748 961 2818; x_wconf 88' lang='lat' dir='ltr'>passione</span> <span class='ocrx_word' id='word_1_235' title='bbox 974 2749 1169 2802; x_wconf 88' lang='lat' dir='ltr'>substentatum</span> <span class='ocrx_word' id='word_1_236' title='bbox 1179 2749 1220 2802; x_wconf 88' lang='lat' dir='ltr'>sit.</span> <span class='ocrx_word' id='word_1_237' title='bbox 1253 2748 1290 2802; x_wconf 87' lang='lat' dir='ltr'>Cf</span> <span class='ocrx_word' id='word_1_238' title='bbox 1301 2789 1308 2801; x_wconf 91' lang='lat'>.</span> 
     </span>
     <span class='ocr_line' id='line_1_39' title="bbox 801 2831 1307 2904; baseline 0 -18"><span class='ocrx_word' id='word_1_239' title='bbox 801 2831 891 2886; x_wconf 68' lang='lat' dir='ltr'>EPuur.</span> <span class='ocrx_word' id='word_1_240' title='bbox 905 2834 922 2886; x_wconf 93' lang='lat' dir='ltr'>l.</span> <span class='ocrx_word' id='word_1_241' title='bbox 937 2851 959 2887; x_wconf 90' lang='lat' dir='ltr'>c.</span> <span class='ocrx_word' id='word_1_242' title='bbox 997 2834 1067 2904; x_wconf 90' lang='lat' dir='ltr'>Lege</span> <span class='ocrx_word' id='word_1_243' title='bbox 1081 2846 1171 2886; x_wconf 89' lang='lat' dir='ltr'>tamen</span> <span class='ocrx_word' id='word_1_244' title='bbox 1187 2833 1238 2886; x_wconf 90' lang='lat' dir='ltr'>alia</span> <span class='ocrx_word' id='word_1_245' title='bbox 1252 2835 1307 2904; x_wconf 91' lang='lat' dir='ltr'>pul·</span> 
     </span>
     <span class='ocr_line' id='line_1_40' title="bbox 800 2917 1308 2972; baseline 0 -1"><span class='ocrx_word' id='word_1_246' title='bbox 800 2918 931 2972; x_wconf 86' lang='lat' dir='ltr'>cherrima</span> <span class='ocrx_word' id='word_1_247' title='bbox 941 2919 1114 2972; x_wconf 88' lang='lat' dir='ltr'>disserentem</span> <span class='ocrx_word' id='word_1_248' title='bbox 1124 2917 1265 2971; x_wconf 76' lang='lat' dir='ltr'>basilidem</span> <span class='ocrx_word' id='word_1_249' title='bbox 1275 2917 1308 2971; x_wconf 92' lang='lat' dir='ltr'>de</span> 
     </span>
     <span class='ocr_line' id='line_1_41' title="bbox 801 3001 1308 3074; baseline -0.008 -18"><span class='ocrx_word' id='word_1_250' title='bbox 801 3004 931 3074; x_wconf 86' lang='lat' dir='ltr'>martyrio</span> <span class='ocrx_word' id='word_1_251' title='bbox 950 3003 1017 3074; x_wconf 91' lang='lat' dir='ltr'>apud</span> <span class='ocrx_word' id='word_1_252' title='bbox 1042 3001 1128 3056; x_wconf 75' lang='lat' dir='ltr'><strong>CLEM.</strong></span> <span class='ocrx_word' id='word_1_253' title='bbox 1147 3003 1164 3055; x_wconf 92' lang='lat' dir='ltr'>l.</span> <span class='ocrx_word' id='word_1_254' title='bbox 1183 3020 1205 3054; x_wconf 91' lang='lat' dir='ltr'>c.</span> <span class='ocrx_word' id='word_1_255' title='bbox 1225 3001 1241 3054; x_wconf 92' lang='lat' dir='ltr'>l.</span> <span class='ocrx_word' id='word_1_256' title='bbox 1261 3001 1308 3065; x_wconf 89' lang='lat' dir='ltr'>IV,</span> 
     </span>
     <span class='ocr_line' id='line_1_42' title="bbox 801 3089 971 3158; baseline -0.006 -16"><span class='ocrx_word' id='word_1_257' title='bbox 801 3105 823 3142; x_wconf 90' lang='lat' dir='ltr'>c.</span> <span class='ocrx_word' id='word_1_258' title='bbox 840 3104 870 3142; x_wconf 90' lang='lat'>12</span> <span class='ocrx_word' id='word_1_259' title='bbox 889 3089 971 3158; x_wconf 89' lang='lat' dir='ltr'>integ.</span> 
     </span>
    </p>

    <p class='ocr_par' dir='ltr' id='par_1_10' title="bbox 800 3169 1308 3746">
     <span class='ocr_line' id='line_1_43' title="bbox 834 3169 1307 3242; baseline 0 -17"><span class='ocrx_word' id='word_1_260' title='bbox 834 3172 997 3242; x_wconf 77' lang='lat' dir='ltr'>(3)Er³1arr.l.</span> <span class='ocrx_word' id='word_1_261' title='bbox 1005 3189 1037 3226; x_wconf 59' lang='grc' dir='ltr'>τι</span> <span class='ocrx_word' id='word_1_262' title='bbox 1045 3175 1180 3225; x_wconf 74' lang='grc' dir='ltr'><strong>ἑνιοὲᾱτιὸ</strong></span> <span class='ocrx_word' id='word_1_263' title='bbox 1187 3169 1289 3241; x_wconf 84' lang='grc' dir='ltr'><strong>χιλίων.</strong></span> <span class='ocrx_word' id='word_1_264' title='bbox 1300 3211 1307 3225; x_wconf 91' lang='lat'><strong>.</strong></span> 
     </span>
     <span class='ocr_line' id='line_1_44' title="bbox 800 3257 1307 3323; baseline -0.004 -13"><span class='ocrx_word' id='word_1_265' title='bbox 800 3262 847 3310; x_wconf 76' lang='grc' dir='ltr'>και</span> <span class='ocrx_word' id='word_1_266' title='bbox 862 3261 934 3310; x_wconf 74' lang='grc' dir='ltr'><strong>δυσὶν</strong></span> <span class='ocrx_word' id='word_1_267' title='bbox 950 3259 1003 3310; x_wconf 73' lang='grc' dir='ltr'>ἀπὸ</span> <span class='ocrx_word' id='word_1_268' title='bbox 1018 3257 1124 3323; x_wconf 81' lang='grc' dir='ltr'><strong>μυρίων.</strong></span> <span class='ocrx_word' id='word_1_269' title='bbox 1161 3258 1307 3320; x_wconf 73' lang='grc' dir='ltr'><strong>Ἰουδαίους</strong></span> 
     </span>
     <span class='ocr_line' id='line_1_45' title="bbox 801 3345 1307 3413; baseline -0.006 -17"><span class='ocrx_word' id='word_1_270' title='bbox 801 3345 848 3408; x_wconf 76' lang='grc' dir='ltr'>μὲν</span> <span class='ocrx_word' id='word_1_271' title='bbox 868 3346 979 3406; x_wconf 74' lang='grc' dir='ltr'><strong>ἑαυτοὺς</strong></span> <span class='ocrx_word' id='word_1_272' title='bbox 998 3346 1093 3409; x_wconf 74' lang='grc' dir='ltr'><strong>μηκέτι</strong></span> <span class='ocrx_word' id='word_1_273' title='bbox 1112 3345 1178 3394; x_wconf 78' lang='grc' dir='ltr'><strong>εἶναι</strong></span> <span class='ocrx_word' id='word_1_274' title='bbox 1191 3345 1307 3413; x_wconf 69' lang='lat' dir='ltr'>pusaeu-</span> 
     </span>
     <span class='ocr_line' id='line_1_46' title="bbox 802 3429 1308 3497; baseline -0.002 -18"><span class='ocrx_word' id='word_1_275' title='bbox 802 3445 850 3491; x_wconf 84' lang='grc' dir='ltr'><strong>οιν,</strong></span> <span class='ocrx_word' id='word_1_276' title='bbox 869 3429 1034 3497; x_wconf 79' lang='grc' dir='ltr'><strong>χριοτιοινοὺς</strong></span> <span class='ocrx_word' id='word_1_277' title='bbox 1057 3429 1087 3479; x_wconf 77' lang='lat' dir='ltr'>tt</span> <span class='ocrx_word' id='word_1_278' title='bbox 1111 3430 1207 3493; x_wconf 70' lang='lat' dir='ltr'>papatu</span> <span class='ocrx_word' id='word_1_279' title='bbox 1230 3443 1308 3493; x_wconf 83' lang='grc' dir='ltr'><strong>γιγι-</strong></span> 
     </span>
     <span class='ocr_line' id='line_1_47' title="bbox 801 3509 1306 3583; baseline 0 -21"><span class='ocrx_word' id='word_1_280' title='bbox 801 3513 914 3578; x_wconf 71' lang='grc' dir='ltr'><strong>υῆοθοιι·</strong></span> <span class='ocrx_word' id='word_1_281' title='bbox 933 3515 1013 3577; x_wconf 81' lang='grc' dir='ltr'><strong>μόνον</strong></span> <span class='ocrx_word' id='word_1_282' title='bbox 1036 3515 1146 3583; x_wconf 76' lang='grc' dir='ltr'><strong>περὶ...</strong></span> <span class='ocrx_word' id='word_1_283' title='bbox 1165 3509 1306 3578; x_wconf 80' lang='grc' dir='ltr'><strong>μυστηρίου</strong></span> 
     </span>
     <span class='ocr_line' id='line_1_48' title="bbox 802 3597 1306 3662; baseline -0.004 -14"><span class='ocrx_word' id='word_1_284' title='bbox 802 3600 894 3662; x_wconf 72' lang='grc' dir='ltr'><strong>μηδενί</strong></span> <span class='ocrx_word' id='word_1_285' title='bbox 921 3597 1119 3648; x_wconf 71' lang='grc' dir='ltr'><strong>ἀποκαλύπτειν</strong></span> <span class='ocrx_word' id='word_1_286' title='bbox 1146 3597 1219 3648; x_wconf 75' lang='grc' dir='ltr'>ἀλλὰ</span> <span class='ocrx_word' id='word_1_287' title='bbox 1245 3599 1306 3661; x_wconf 74' lang='grc' dir='ltr'><strong>σιγῇ</strong></span> 
     </span>
     <span class='ocr_line' id='line_1_49' title="bbox 802 3682 1057 3746; baseline -0.004 -14"><span class='ocrx_word' id='word_1_288' title='bbox 802 3682 876 3746; x_wconf 65' lang='grc' dir='ltr'><strong>ἔχιιν</strong></span> <span class='ocrx_word' id='word_1_289' title='bbox 896 3683 925 3731; x_wconf 74' lang='grc' dir='ltr'>ἐν</span> <span class='ocrx_word' id='word_1_290' title='bbox 944 3683 1057 3742; x_wconf 71' lang='grc' dir='ltr'><strong>ἑαυτοῖς.</strong></span> 
     </span>
    </p>

    <p class='ocr_par' dir='ltr' id='par_1_11' title="bbox 802 3762 1309 3917">
     <span class='ocr_line' id='line_1_50' title="bbox 838 3762 1309 3834; baseline 0.006 -19"><span class='ocrx_word' id='word_1_291' title='bbox 838 3766 881 3829; x_wconf 84' lang='grc'>(4)</span> <span class='ocrx_word' id='word_1_292' title='bbox 899 3762 1036 3818; x_wconf 86' lang='lat' dir='ltr'>Subintell.</span> <span class='ocrx_word' id='word_1_293' title='bbox 1062 3764 1225 3834; x_wconf 86' lang='lat' dir='ltr'>semetipsos,</span> <span class='ocrx_word' id='word_1_294' title='bbox 1248 3767 1309 3818; x_wconf 73' lang='lat' dir='ltr'>tau·</span> 
     </span>
     <span class='ocr_line' id='line_1_51' title="bbox 802 3847 1191 3917; baseline -0.005 -15"><span class='ocrx_word' id='word_1_295' title='bbox 802 3851 863 3912; x_wconf 78' lang='grc' dir='ltr'><strong>τοὺς</strong></span> <span class='ocrx_word' id='word_1_296' title='bbox 883 3860 910 3900; x_wconf 88' lang='lat' dir='ltr'>ut</span> <span class='ocrx_word' id='word_1_297' title='bbox 930 3848 958 3901; x_wconf 90' lang='lat' dir='ltr'>in</span> <span class='ocrx_word' id='word_1_298' title='bbox 977 3847 1068 3901; x_wconf 73' lang='lat' dir='ltr'>Eunu.</span> <span class='ocrx_word' id='word_1_299' title='bbox 1088 3849 1191 3917; x_wconf 90' lang='lat' dir='ltr'>legitur.</span> 
     </span>
    </p>

    <p class='ocr_par' dir='ltr' id='par_1_12' title="bbox 807 3932 1309 4082">
     <span class='ocr_line' id='line_1_52' title="bbox 839 3932 1308 4003; baseline -0.002 -18"><span class='ocrx_word' id='word_1_300' title='bbox 839 3935 879 4000; x_wconf 76' lang='grc' dir='ltr'>(ς)</span> <span class='ocrx_word' id='word_1_301' title='bbox 895 3933 914 3984; x_wconf 91' lang='lat' dir='ltr'>l.</span> <span class='ocrx_word' id='word_1_302' title='bbox 928 3949 950 3985; x_wconf 89' lang='lat' dir='ltr'>e.</span> <span class='ocrx_word' id='word_1_303' title='bbox 966 3932 1094 4002; x_wconf 91' lang='lat' dir='ltr'>astrologi</span> <span class='ocrx_word' id='word_1_304' title='bbox 1110 3949 1207 4002; x_wconf 77' lang='lat' dir='ltr'>«quos,</span> <span class='ocrx_word' id='word_1_305' title='bbox 1222 3933 1308 4003; x_wconf 87' lang='lat' dir='ltr'>genti-</span> 
     </span>
     <span class='ocr_line' id='line_1_53' title="bbox 807 4017 1309 4082; baseline 0.004 -15"><span class='ocrx_word' id='word_1_306' title='bbox 807 4017 889 4071; x_wconf 75' lang='lat' dir='ltr'>elicio</span> <span class='ocrx_word' id='word_1_307' title='bbox 907 4017 1046 4082; x_wconf 84' lang='lat' dir='ltr'>vocabulo,</span> <span class='ocrx_word' id='word_1_308' title='bbox 1061 4017 1209 4070; x_wconf 89' lang='lat' dir='ltr'>Chaldaeos</span> <span class='ocrx_word' id='word_1_309' title='bbox 1222 4017 1309 4069; x_wconf 89' lang='lat' dir='ltr'>dicere</span> 
     </span>
    </p>
   </div>
   <div class='ocr_carea' id='block_1_7' title="bbox 240 4100 1309 4256">
    <p class='ocr_par' dir='ltr' id='par_1_13' title="bbox 240 4100 1309 4256">
     <span class='ocr_line' id='line_1_54' title="bbox 240 4100 1309 4172; baseline 0.002 -20"><span class='ocrx_word' id='word_1_310' title='bbox 240 4116 340 4154; x_wconf 92' lang='lat' dir='ltr'>nomen</span> <span class='ocrx_word' id='word_1_311' title='bbox 358 4117 407 4154; x_wconf 91' lang='lat' dir='ltr'>nec</span> <span class='ocrx_word' id='word_1_312' title='bbox 427 4101 488 4154; x_wconf 87' lang='lat' dir='ltr'>licet</span> <span class='ocrx_word' id='word_1_313' title='bbox 503 4101 562 4154; x_wconf 94' lang='lat' dir='ltr'>illos</span> <span class='ocrx_word' id='word_1_314' title='bbox 578 4102 641 4171; x_wconf 89' lang='lat' dir='ltr'>pati,</span> <span class='ocrx_word' id='word_1_315' title='bbox 653 4101 749 4172; x_wconf 91' lang='lat' dir='ltr'>quippe</span> <span class='ocrx_word' id='word_1_316' title='bbox 806 4121 819 4151; x_wconf 80' lang='lat' dir='ltr'>u</span> <span class='ocrx_word' id='word_1_317' title='bbox 830 4113 934 4172; x_wconf 92' lang='lat' dir='ltr'>oportet</span> <span class='ocrx_word' id='word_1_318' title='bbox 944 4119 969 4166; x_wconf 86' lang='grc' dir='ltr'>υ;</span> <span class='ocrx_word' id='word_1_319' title='bbox 987 4101 1070 4154; x_wconf 76' lang='lat' dir='ltr'>Geir.</span> <span class='ocrx_word' id='word_1_320' title='bbox 1086 4101 1157 4153; x_wconf 85' lang='lat' dir='ltr'>Noct.</span> <span class='ocrx_word' id='word_1_321' title='bbox 1170 4100 1191 4166; x_wconf 93' lang='lat' dir='ltr'>I,</span> <span class='ocrx_word' id='word_1_322' title='bbox 1207 4117 1231 4170; x_wconf 83' lang='lat'>9.</span> <span class='ocrx_word' id='word_1_323' title='bbox 1269 4101 1309 4154; x_wconf 92' lang='lat' dir='ltr'>De</span> 
     </span>
     <span class='ocr_line' id='line_1_55' title="bbox 241 4184 1308 4256; baseline 0 -19"><span class='ocrx_word' id='word_1_324' title='bbox 241 4185 311 4256; x_wconf 93' lang='lat' dir='ltr'>quod</span> <span class='ocrx_word' id='word_1_325' title='bbox 324 4201 380 4238; x_wconf 87' lang='lat' dir='ltr'>non</span> <span class='ocrx_word' id='word_1_326' title='bbox 394 4203 408 4238; x_wconf 92' lang='lat' dir='ltr'>a</span> <span class='ocrx_word' id='word_1_327' title='bbox 420 4184 536 4252; x_wconf 85' lang='lat' dir='ltr'>Christo,</span> <span class='ocrx_word' id='word_1_328' title='bbox 548 4185 594 4238; x_wconf 87' lang='lat' dir='ltr'>sed</span> <span class='ocrx_word' id='word_1_329' title='bbox 610 4203 625 4238; x_wconf 91' lang='lat' dir='ltr'>a</span> <span class='ocrx_word' id='word_1_330' title='bbox 640 4185 749 4240; x_wconf 88' lang='lat' dir='ltr'>Simone</span> <span class='ocrx_word' id='word_1_331' title='bbox 803 4187 844 4240; x_wconf 91' lang='lat' dir='ltr'>his</span> <span class='ocrx_word' id='word_1_332' title='bbox 854 4187 927 4256; x_wconf 92' lang='lat' dir='ltr'>plura</span> <span class='ocrx_word' id='word_1_333' title='bbox 938 4189 1008 4256; x_wconf 92' lang='lat' dir='ltr'>apud</span> <span class='ocrx_word' id='word_1_334' title='bbox 1019 4185 1130 4238; x_wconf 72' lang='lat' dir='ltr'>litator.</span> <span class='ocrx_word' id='word_1_335' title='bbox 1141 4185 1158 4236; x_wconf 93' lang='lat' dir='ltr'>l.</span> <span class='ocrx_word' id='word_1_336' title='bbox 1169 4184 1215 4247; x_wconf 89' lang='lat' dir='ltr'>lV,</span> <span class='ocrx_word' id='word_1_337' title='bbox 1229 4199 1239 4250; x_wconf 78' lang='grc' dir='ltr'><strong>ς</strong></span> <span class='ocrx_word' id='word_1_338' title='bbox 1253 4201 1308 4256; x_wconf 90' lang='lat' dir='ltr'>sqq.</span> 
     </span>
    </p>
   </div>
   <div class='ocr_carea' id='block_1_8' title="bbox 0 0 1650 5060">
    <p class='ocr_par' dir='ltr' id='par_1_14' title="bbox 0 0 1650 5060">
     <span class='ocr_line' id='line_1_56' title="bbox 0 0 1650 5060; baseline 0 0"><span class='ocrx_word' id='word_1_339' title='bbox 0 0 1650 5060; x_wconf 95' lang='lat' dir='ltr'> </span> 
     </span>
    </p>
   </div>
  </div>
 </body>
</html>
