3288 5060
367 444 430 492 202
654 448 784 496 IRENAEI
806 449 965 496 ADVERSUS
990 448 1144 495 HAERESES
1292 446 1363 516 [XV‚
1383 463 1432 516 2-3

364 665 489 731 quoque
511 664 543 709 vl
566 659 597 710 et
619 643 729 730 viginti
753 659 902 732 quatuor3
925 661 1001 710 tunc
1019 660 1247 732 cognoscentes
1270 667 1344 709 euru
1367 667 1435 710 ces-

364 765 510 816 saverunt
530 748 567 816 ab
591 751 799 838 ignoratione,
818 767 848 817 et
871 774 888 816 a
913 766 1016 817 morte
1039 751 1072 816 in
1095 752 1193 816 vitam
1217 749 1434 830 ascenderunt,

364 857 494 922 nomine
513 857 558 922 eis
578 854 660 924 facto
678 855 868 924 ducatore(¹)
887 855 924 924 ad
945 858 1071 923 Patrem
1090 857 1239 924 veritatis.
1285 857 1434 923 Voluisse

365 963 449 1028 enim
468 963 593 1028 Patrem
613 964 834 1030 universorum
852 963 973 1031 solvere
989 965 1210 1052 ignorantiam,
1227 979 1257 1029 et
1275 962 1434 1030 destruere

365 1085 513 1136 mortem.
559 1069 756 1158 ignorantiae
779 1085 885 1135 autem
909 1070 1036 1150 solutio,
1056 1071 1175 1158 agnitio
1198 1070 1264 1136 eius
1278 1071 1311 1122 (²)
1330 1069 1432 1136 fiebat.

365 1176 404 1241 Et
426 1192 553 1262 propter
584 1174 644 1242 hoc
673 1176 808 1242 electum
835 1174 1009 1242 secundum
1032 1177 1227 1243 voluntatem
1258 1178 1335 1257 eiuS,
1359 1199 1433 1242 eum

363 1282 416 1370 qui
440 1297 487 1346 est
510 1281 683 1348 secundum
703 1283 874 1368 imaginem
899 1284 977 1363 eius,
999 1305 1079 1370 quae
1103 1305 1228 1348 sursum
1252 1299 1300 1348 est
1322 1283 1432 1362 virtus,

364 1385 550 1474 dispositum
575 1386 789 1454 hominem.(³)

432 1513 460 1578 3.
480 1492 583 1583 [WH.
615 1493 708 1573 VIII,
736 1493 800 1584 14].
848 1495 1135 1581 Aquatematione
1162 1495 1244 1560 enim
1275 1496 1432 1582 progressi

364 1615 435 1664 sunt
463 1602 598 1666 Aeones.
646 1601 718 1666 Erat
740 1618 844 1666 autem
875 1601 908 1666 in
937 1602 1173 1689 quaternatioue
1195 1601 1378 1688 Anthropos
1400 1618 1432 1668 et

363 1705 512 1787 Ecclesia,
536 1707 643 1794 Logos
666 1722 696 1772 et
720 1707 792 1773 Zoe.
839 1707 890 1772 Ab
914 1705 962 1772 his
987 1708 1082 1794 igitur
1104 1709 1245 1790 virtutes,
1270 1711 1322 1790 ait,
1346 1731 1433 1776 etna-

362 1828 451 1878 uatae
474 1830 702 1900 generaverunt
726 1837 810 1894 eum,
829 1815 882 1903 qui
907 1815 1044 1880 interra
1068 1814 1284 1882 manifestatus
1308 1832 1364 1898 est,
1384 1815 1432 1882 Ie-

362 1943 444 1984 sum.
492 1919 530 1984 Et
549 1919 629 2006 Logi
648 1918 775 2006 quidem
796 1919 903 1986 locum
922 1919 1110 2008 adimplesse
1129 1922 1277 2009 angelum
1294 1920 1431 2002 Gabriel,

363 2027 442 2092 Zoes
465 2043 569 2093 auteur
602 2025 753 2112 Spiritum
785 2044 939 2106 sanctum,
963 2027 1120 2116 Autlrropi
1147 2044 1251 2094 autem
1275 2029 1431 2094 Altissimi

362 2224 438 2286 αὐτὰ
453 2224 489 2284 ιλ
504 2219 537 2298 ἓξ
551 2223 603 2284 καί
617 2224 655 2285 τὰ
671 2219 908 2308 εἰκοσιτέσσαρα,
928 2219 996 2287 τότε
1015 2223 1135 2307 γνόντες
1153 2226 1243 2288 αὐτὸν
1260 2223 1431 2288 ἐπαύσαντο

361 2337 414 2411 τῆς
436 2326 567 2412 ἀγνοίας,
592 2329 629 2390 ἐκ
653 2326 786 2391 θανᾶτου
809 2328 842 2391 δὲ
866 2328 907 2404 εἰς
929 2329 1009 2412 ζωὴν
1038 2329 1183 2413 ἀνῆλθον,
1206 2338 1259 2394 τοῦ
1287 2329 1431 2415 ὀνόματος

360 2437 459 2511 αὐτοῖς
481 2434 551 2498 ὁδοῦ
574 2432 754 2518 γενηθέντος
778 2438 850 2520 πρὸς
873 2439 922 2498 τὸν
948 2433 1070 2519 Πατέρα
1092 2446 1144 2520 τῆς
1166 2435 1323 2521 ἀληθείας.
1371 2436 1429 2501 Τε-

360 2540 525 2628 θεληκὲναι
547 2544 606 2626 γὰρ
628 2544 678 2604 τὸν
703 2539 826 2625 Πατέρα
849 2550 907 2604 τῶν
928 2542 1006 2606 ὅλων
1033 2542 1123 2606 λῦσαι
1145 2548 1199 2628 τῆν
1221 2545 1354 2628 ἄγνοιαν,
1377 2547 1430 2608 καί

360 2648 504 2712 καθελεῖν
528 2651 578 2712 τὸν
600 2647 743 2710 θάνατον.
791 2646 934 2732 Ἀγνοίας
956 2649 989 2711 δὲ
1012 2647 1096 2726 λύσις
1114 2649 1134 2732 ’l
1158 2648 1315 2734 ἐπίγνωσις
1337 2653 1429 2716 αὐτοῦ

360 2753 483 2836 ἐγίνετο.
530 2751 593 2817 Καί
611 2753 660 2815 διὰ
677 2762 764 2815 τοῦτο
780 2752 967 2836 ἐκλεχθῆναι
982 2756 1034 2816 τὸν
1051 2757 1131 2817 κατὰ
1146 2757 1180 2817 το
1196 2755 1319 2840 θέλημα
1336 2759 1428 2820 αὐτοῦ

360 2858 429 2924 κατ’
440 2859 544 2924 εῐκίνα
562 2869 613 2943 τῆς
632 2862 694 2922 ἀνευ
713 2858 866 2942 δυνάμεως
885 2857 1123 2944 οίκονσρηθέντα
1141 2860 1312 2943 ἄνθρωπον.

429 2985 457 3050 3.
478 2964 560 3030 Ἀπὸ
579 2965 719 3048 τετρίιδος
738 2969 797 3051 γὰρ
814 2966 972 3050 προῆλθον
995 2966 1022 3030 οἱ
1040 2965 1165 3044 Αίῶνες.
1212 2967 1272 3032 Ἦν
1291 2969 1325 3032 δὲ
1340 2971 1372 3034 ὲν
1390 2979 1429 3054 τῆ

360 3073 475 3159 τετράδι
498 3073 682 3156 Ἀνθρωπος
711 3074 763 3137 καὶ
795 3071 976 3158 Ἐκκλησία,
1004 3072 1105 3159 Λόγος
1132 3075 1184 3139 καὶ
1217 3075 1298 3160 Ζυνῆ.
1345 3075 1427 3142 Ἀπὸ

358 3179 470 3245 τούτων
492 3182 544 3242 οὖν
567 3179 713 3263 δυνάμεις,
736 3181 834 3263 φησίν,
854 3179 1058 3265 ἀπορρυεῖσα,
1085 3181 1354 3267 ἐγενεσιοὺργῆσαν
1377 3185 1426 3246 τὸν

359 3285 409 3349 ἐπὶ
419 3296 475 3370 γῆς
486 3284 615 3369 φανέντα
628 3284 757 3368 Ἰησοῦν,
804 3284 866 3349 Καὶ
881 3289 934 3349 τοῦ
950 3288 1005 3372 μἐν
1021 3286 1123 3371 Λόγου
1139 3287 1425 3374 ἀναπεπληρωκὲναι

358 3394 409 3455 τὸν
426 3392 517 3455 τόπον
535 3395 584 3455 τὸν
603 3391 734 3476 ἄγγελον
755 3390 895 3477 Γαβριὴλ,
915 3402 968 3475 τῆς
985 3393 1019 3456 δὲ
1035 3391 1121 3476 Ζυῆς
1136 3395 1170 3457 τὸ
1185 3396 1271 3478 ἅγιον
1290 3394 1424 3478 Πνεῦμα,

357 3506 410 3561 τοῦ
433 3497 465 3560 δὲ
490 3496 673 3582 Ἀνθρώπου
696 3501 749 3582 τῆν
764 3506 817 3562 που
834 3496 978 3580 Ὑψίστου
996 3499 1135 3583 δύναμιν·
1162 3503 1213 3564 τὸν
1234 3500 1268 3564 δὲ
1284 3510 1336 3586 τῆς
1352 3499 1426 3565 Ἐκ-

394 3668 436 3733 (ι)
454 3664 555 3718 Graece
574 3665 733 3718 ὀδουευῐοῑ
754 3667 790 3719 ita
809 3665 863 3719 evi·
922 3667 1033 3720 «minus
1058 3667 1087 3720 in
1105 3685 1194 3723 errore
1217 3670 1326 3723 iacuerit
1345 3688 1425 3742 quam

357 3751 422 3803 dens
441 3749 535 3802 allusio
551 3760 590 3802 est
605 3749 638 3801 ad
651 3749 731 3802 loru.
745 3749 817 3815 XIV,
833 3747 862 3802 6:
921 3750 972 3802 ain
992 3752 1112 3821 sepulcro
1122 3773 1135 3802 υ
1154 3764 1204 3806 etc.

361 3833 441 3905 «Ego
459 3852 518 3888 sum
537 3835 589 3897 via,
608 3835 706 3888 veritas
725 3845 751 3888 et
770 3836 863 3888 vita».
954 3837 995 3905 (3)
1015 3837 1065 3890 Scl.
1081 3837 1180 3891 electus
1204 3850 1242 3892 est
1271 3838 1315 3892 ille
1342 3841 1425 3894 homo

393 3923 436 3988 (2)
455 3919 476 3972 1.
497 3936 520 3972 e.
539 3919 624 3972 Patris
643 3920 769 3973 veritatis.
806 3919 861 3974 Cfr.
917 3919 971 3990 qui,
993 3920 1031 3972 sui
1051 3919 1131 3991 ipsius
1147 3921 1328 3992 dispositione,
1343 3923 1424 3976 totius

357 4003 442 4058 Τεκτ.
459 4003 498 4056 De
514 4021 593 4056 resur.
610 4019 653 4074 19:
673 4003 811 4058 «Mortem
824 4005 863 4057 di·
916 4003 1073 4057 Pleromatis
1092 4016 1251 4076 conceptum
1278 4005 1422 4061 indidisset.

361 4100 446 4142 «cunt
465 4103 522 4142 esse
541 4088 720 4159 ignorantiam
742 4087 791 4142 Dei
817 4107 863 4159 per
916 4087 1010 4158 Liquet
1025 4105 1057 4142 ex
1072 4089 1157 4142 dictis.
1195 4090 1312 4144 Hartvnr
1325 4091 1424 4162 (otiose

360 4189 463 4242 «quam
485 4172 567 4224 homo
586 4181 705 4224 mortuus
730 4171 789 4226 Deo
807 4188 861 4224 non
916 4175 1019 4241 tamen)
1039 4173 1126 4227 innuit
1143 4173 1234 4242 XII‚4
1253 4173 1299 4228 lin.
