3172 5044
252 405 290 452 12
665 405 904 450 PROLEGOMENA

715 505 776 511 --
782 505 886 512 —.—.-.

244 601 331 674 liam
366 600 518 698 petiisse
556 599 713 686 videtur,
753 625 985 698 operamque
1026 601 1228 676 contulisse
1265 603 1314 677 ad

322 850 359 922 A
388 849 548 923 Pothino
577 865 666 923 tunc
693 851 884 954 episcopo,
917 852 962 924 Ir.
994 850 1030 924 in
1050 853 1312 950 presbyterum

243 973 455 1048 ordinatum
491 975 615 1061 fuisse,
658 991 790 1049 auctor
825 992 883 1049 est
921 975 1176 1073 Hieronymus
1204 976 1226 1050 l.
1258 1003 1310 1062 c.;

241 1124 382 1184 verum,
405 1098 462 1172 his
481 1099 643 1197 demptis
663 1125 759 1196 quae
780 1099 884 1173 initio
904 1100 1086 1186 dedimus,
1109 1101 1198 1175 nihil
1222 1102 1312 1176 certi

241 1223 485 1296 asserendum
514 1240 572 1298 est
607 1224 655 1297 de
685 1225 730 1302 Ir.
755 1225 873 1323 gestis
902 1225 938 1298 in
968 1225 1101 1300 Gallia.
1160 1227 1311 1301 Probari

242 1348 394 1446 quidem
422 1349 560 1447 poterit
588 1349 690 1446 quod
713 1349 817 1424 Zahn
837 1349 997 1434 coniicit,
1021 1351 1140 1448 ipsum
1167 1353 1211 1425 lr.
1233 1352 1307 1450 epi-

242 1473 377 1549 stolam
406 1474 718 1571 Lugdunensium
739 1474 786 1548 de
807 1474 1032 1570 martyribus
1061 1476 1157 1550 illius
1181 1475 1310 1550 Eccle-

241 1598 320 1672 siae
349 1624 525 1673 exarasse
545 1594 702 1702 (Euseb.
724 1601 780 1672 H.
803 1600 850 1672 E.
874 1599 918 1684 V,
947 1623 992 1691 14
1012 1603 1105 1698 sq.);
1128 1601 1217 1674 item
1243 1627 1311 1675 nec

242 1721 505 1796 offendiculum
525 1725 708 1821 praebent
731 1749 829 1820 quae
848 1725 1011 1798 breviter
1031 1724 1200 1799 meminit
1219 1727 1311 1800 Gre-

240 1847 369 1946 gorius
397 1847 629 1922 Turonensis
659 1849 783 1945 (Hz'sl.
814 1851 951 1922 Franc.
984 1851 1008 1934 Ι,
1045 1846 1111 1952 ²9)
1134 1851 1310 1924 eumdem

240 1973 460 2071 episcopum
487 1974 799 2071 «praedicatione
819 1999 886 2048 sua
906 1976 1068 2048 maxime
1088 1991 1205 2049 totam
1226 1975 1310 2048 civi·

248 2113 396 2171 «tatem
413 2097 621 2170 reddidisse
641 2097 908 2171 christianam»
926 2115 990 2172 aut
1006 2124 1103 2195 quae
1114 2098 1311 2172 ActaFer·

241 2219 332 2294 reoli
361 2217 430 2324 (ro
460 2220 554 2318 iun.)
589 2221 637 2294 de
665 2219 932 2320 evangelizatis
969 2223 1012 2294 Ir.
1048 2237 1200 2295 auctore
1233 2221 1310 2320 plu-

242 2346 344 2419 ribus
371 2345 516 2421 Galliae
554 2346 771 2444 regionibus
807 2372 852 2420 ac
889 2345 1052 2420 fundatis
1082 2343 1310 2420 Ecclesiis<¹)

240 2472 410 2554 tradunt;
450 2497 581 2545 verum
615 2471 748 2545 eadem
790 2496 859 2569 pro
895 2469 1112 2545 indubitatis
1148 2473 1308 2569 prodere

240 2622 314 2670 non
342 2598 536 2671 audemus.
595 2598 678 2670 Hoc
708 2597 807 2671 idem
826 2623 849 2672 a
870 2595 1010 2670 fortiori
1040 2597 1241 2671 dicendum
1261 2598 1309 2670 de

240 2720 418 2817 martyrio
459 2720 562 2818 quod
605 2721 755 2796 Christo
796 2721 1004 2795 reddidisse
1047 2722 1091 2795 lr.
1136 2738 1309 2794 asserunt

239 2846 380 2942 primus
418 2844 674 2941 Hieronymus
703 2846 752 2941 (a.
784 2871 814 2918 c.
847 2843 952 2947 410),
984 2862 1023 2920 at
1051 2861 1196 2918 tantum
1232 2845 1308 2919 obi·

239 2987 296 3044 ter
325 2987 492 3045 nostrum
525 2972 687 3046 afferens
714 2968 774 3076 (in
802 2973 878 3044 lsa.
912 2971 1036 3043 LXIV
1068 2989 1107 3044 et
1139 2969 1308 3045 similiter

239 3111 335 3170 auct.
378 3099 524 3189 Quaeri.
568 3099 622 3169 ad
657 3096 833 3193 Orthod.)
874 3113 912 3168 et
945 3096 1155 3194 Gregorius
1189 3095 1307 3170 Turo-

240 3221 365 3295 nensis
395 3222 510 3317 (saec.
542 3225 608 3318 nr),
641 3220 785 3294 ratione
826 3246 979 3318 prorsus
1022 3219 1141 3294 fallaci
1183 3221 1306 3294 eidem

238 3343 487 3442 persecutioni
525 3369 622 3440 quae
665 3346 733 3417 sub
771 3345 901 3418 Marco
934 3345 1091 3418 Aurelio
1123 3344 1303 3429 efferbuit,

162 3453 165 3462 ¹
239 3467 456 3565 martyrium
486 3469 602 3542 sancti
639 3467 806 3566 episcopi
836 3467 1041 3543 certissime
1084 3469 1303 3565 superstitis

238 3593 481 3692 coniungens,
498 3589 532 3642 (²)
589 3593 669 3678 His,
700 3594 761 3666 vel
791 3594 948 3667 sortasse
971 3592 1052 3667 aliis
1081 3593 1129 3665 ad
1158 3595 1225 3667 has
1253 3618 1306 3666 re·

306 3785 350 3856 (1)
368 3784 422 3840 Cfr.
441 3786 624 3851 Hruscufatu,
643 3787 697 3841 Zur
716 3786 803 3840 Gcsch.
822 3787 867 3839 der
887 3787 1021 3841 Cirristeut.
1040 3789 1067 3840 in
1088 3786 1241 3858 lugdunum
1259 3803 1306 3840 vor

236 3871 385 3925 Konstantiu
399 3871 427 3924 in
440 3869 517 3940 Sint.
529 3870 574 3924 dtr
584 3872 646 3925 kuis.
659 3871 741 3923 Aiaci.
752 3871 796 3924 der
809 3871 883 3924 Wiss.
894 3889 925 3939 zu
936 3871 1032 3936 Berlin,
1042 3889 1065 3924 a.
1080 3872 1157 3942 1895,
1171 3889 1195 3942 p.
1209 3886 1258 3943 394
1267 3887 1306 3942 sq.

307 3957 348 4025 (2)
368 3955 435 4009 Hist.
456 3955 578 4012 Francor.
599 3956 619 4022 1,
640 3972 687 4027 29:
703 3957 736 4009 de
754 3973 807 4027 quo
826 3956 885 4008 loco
905 3955 950 4008 cfr.
970 3955 1102 4020 ΜοΝτι-ῑτ,
1116 3955 1154 4008 La
1167 3955 1265 4028 legende
1278 3955 1306 4008 de

235 4057 255 4093 s.
275 4038 367 4106 Ινὲηέε,
386 4039 495 4094 Geneve
517 4041 593 4104 1880,
611 4041 654 4093 vel
674 4041 761 4111 ipsum
780 4041 1003 4105 Bnuouuuaweu,
1019 4038 1106 4094 Gesch.
1125 4041 1150 4094 d.
1171 4039 1305 4094 Alticirchl.

237 4123 349 4179 Littcrut.
369 4125 388 4190 1,
407 4125 468 4196 498.
