3230 5062
633 475 723 522 LIBER
746 475 859 522 PRIMUS

203 475 376 546 (νυνι-τι]
1212 475 1272 541 179

983 575 1274 584 --.—--———..

204 688 259 738 aut
284 671 413 736 Petrum
435 667 530 749 dicas,
558 667 609 733 vel
635 667 768 734 alterum
794 665 964 755 quemdam
991 669 1225 756 apostolorum:
1242 668 1275 722 (¹)

205 777 261 845 sed
279 777 348 865 plus
371 773 520 842 omnibus
544 797 577 841 se
597 775 795 863 cognovisse,
814 791 845 841 et
868 774 1117 864 magnitudinem
1142 775 1275 864 agnitio-

205 885 255 950 nis
278 882 371 964 illius‚
395 903 472 970 quae
499 898 546 947 est
572 881 796 963 inenarrabilis,
820 882 995 964 virtutis,(²)
1018 883 1104 949 solos
1130 881 1273 949 ebibisse.

205 990 283 1056 Esse
305 1007 409 1055 autem
434 1012 467 1055 se
489 989 523 1054 in
545 987 706 1056 altitudine
738 1010 829 1076 super
853 1010 983 1054 omnem
1007 991 1174 1056 virtutem:
1199 1012 1276 1077 qua-

205 1111 332 1184 propter
355 1111 385 1160 et
409 1094 503 1161 libere
528 1095 635 1161 omnia
663 1116 765 1182 agere,
797 1094 920 1160 nullum
952 1095 985 1161 in
1013 1095 1101 1162 nullo
1125 1096 1275 1162 timorem

206 1201 407 1268 habentesb)
452 1201 584 1289 Propter
613 1201 699 1267 enim
729 1199 958 1266 redemtionem
982 1219 1012 1266 et
1035 1201 1277 1288 incomprehen-

207 1307 312 1374 sibiles
335 1325 366 1374 et
388 1306 561 1374 invisibiles
584 1305 649 1373 fieri
674 1306 820 1374 iudicio)
866 1307 898 1373 Si
921 1323 1026 1373 autern
1051 1325 1081 1373 et
1106 1308 1277 1396 apprehen-

206 1415 287 1482 derit
317 1437 383 1494 eos,
414 1415 593 1481 assistentes
622 1414 649 1479 ei
680 1436 754 1479 cum
786 1413 980 1480 redemtione
1012 1413 1087 1480 haec
1118 1414 1275 1482 dicerent:

209 1551 226 1586 (ι
242 1523 276 1590 Ο
300 1543 439 1589 assessor
467 1521 528 1588 Dei
539 1521 572 1575 (⁵)
594 1537 624 1586 et
651 1522 803 1608 mysticae
826 1521 908 1587 illius
932 1522 1153 1610 proaeononi⁶l
1175 1523 1276 1611 Siges‚

206 1719 261 1784 λον
272 1721 337 1783 τινὰ
347 1728 405 1783 τῶν
416 1717 610 1782 ἀποστόλων·
626 1717 707 1781 ἀλλὰ
721 1717 816 1782 πλείω
831 1717 948 1782 πάντων
963 1719 1086 1794 ἑαυτοὺς
1102 1718 1274 1804 ἐγνωκέναι,

207 1829 308 1891 καὶτὸ
322 1826 457 1911 μέγεθος
470 1837 524 1910 τῆς
537 1824 677 1910 γνώσεως
691 1835 743 1910 τῆς
754 1825 884 1910 ἀρρήτου
896 1825 1047 1909 δυνάμεως
1063 1825 1170 1910 μόνους
1185 1849 1278 1891 κατα·

207 1933 390 1999 πεπαυκέναι.
437 1931 523 1998 Εἶναί
545 1955 578 1997 τε
600 1935 708 2009 αὐτοὺς
726 1933 757 1994 ἐν
777 1933 845 2015 ὓψει
863 1933 939 2016 ὑπὲρ
958 1943 1057 1996 πᾶσαν
1072 1932 1210 2016 δύναμιν·
1231 1933 1276 1996 διὸ

206 2042 261 2108 καὶ
272 2039 441 2126 ἐλευθέρως
454 2039 552 2104 πάντα
566 2039 722 2124 πράσσειν,
738 2038 852 2125 μηδένα
866 2040 899 2103 ἐν
915 2040 1019 2124 μηδενὶ
1032 2036 1123 2126 φόβον
1139 2041 1274 2124 ἔχοντας.

209 2149 268 2214 Διὰ
281 2151 339 2234 γὰρ
357 2150 408 2232 τὴν
422 2147 629 2232 ἀπολύτρωσιν
643 2146 829 2232 ἀκρατήτσυς
843 2148 896 2210 καὶ
913 2145 1058 2232 ἀοράτους
1077 2147 1216 2232 γίνεσθαι
1234 2154 1276 2231 τῷ

207 2263 306 2340 κριτῇ.
353 2254 392 2322 Εἰ
413 2254 446 2318 δὲ
469 2255 522 2318 καὶ
543 2252 715 2340 ἐπιλάβοιτο
737 2255 844 2335 αὐτῶν,
868 2253 1074 2338 παραστάντες
1097 2255 1177 2336 αὐτῷ
1201 2257 1277 2338 μετὰ

208 2369 263 2445 τῆς
273 2359 508 2446 ἀπολυτρώσεως
523 2359 594 2425 τάδε
609 2362 736 2425 εἴποιεν·
756 2360 809 2423 «ὧ
825 2359 954 2444 πάρεδρε
970 2358 1050 2425 Θεοῦ
1064 2363 1118 2426 καὶ
1133 2373 1278 2447 μυστικῆς

246 2521 289 2589 (ι)
307 2518 362 2573 Csr.
388 2520 485 2574 similia
508 2537 533 2576 c.
553 2519 629 2574 XXV
650 2535 665 2572 2
685 2519 718 2572 de
772 2517 866 2570 Graii
887 2535 943 2570 non
967 2517 1060 2582 otiose,
1084 2519 1277 2573 redemtionem

209 2603 431 2674 Carpocratianis,
458 2620 491 2656 err
518 2603 614 2674 quibus
636 2603 717 2673 liquet
772 2618 817 2654 seu
833 2601 937 2654 Geulah
950 2602 1030 2655 etiam
1046 2603 1135 2656 vocari
1152 2605 1220 2674 apud
1236 2603 1277 2656 Iu-

210 2688 276 2741 haec
305 2703 380 2740 «nec
407 2687 428 2740 si
458 2687 570 2741 Paulum
598 2700 642 2742 aut
669 2688 717 2742 Pe·
772 2686 851 2738 daeos
866 2685 998 2756 duplicem
1017 2687 1210 2757 deprecatoriam
1225 2687 1277 2741 sor·

214 2783 308 2825 utrum
336 2784 412 2826 etc.»
440 2789 494 2824 non
523 2773 557 2825 Ir.
587 2772 718 2828 addidisse
771 2770 881 2833 mulam,
900 2785 979 2839 quam
1002 2770 1054 2822 late
1073 2770 1203 2823 describit.
1241 2771 1277 2824 At

211 2856 256 2910 sed
272 2853 434 2909 aGnosticis
453 2872 544 2908 revera
564 2855 717 2926 praedicari.

248 2941 289 3008 (2)
307 2939 357 2994 Sci.
374 2939 457 3012 Siges,
472 2952 500 2993 ut
516 2957 580 2993 mox
592 2940 681 2993 habes.

249 3026 291 3093 (3)
311 3023 364 3077 Cfr.
375 3024 444 3096 apud
458 3023 531 3078 Hn’t’.
542 3025 635 3078 eadem
645 3042 719 3095 pror-

212 3125 256 3162 sus
274 3109 307 3162 de
334 3107 451 3162 Simonis
478 3107 550 3179 Magi
577 3108 718 3178 discipulis.

212 3191 247 3246 V.
268 3193 348 3246 etiam
369 3191 437 3246 infra
455 3210 477 3247 c.
497 3191 575 3245 XXV
598 3193 630 3246 de
655 3193 719 3247 Car-

213 3277 373 3348 pocratianis
389 3294 494 3348 prorsus
513 3277 606 3331 eadem
622 3289 648 3330 et
664 3277 719 3348 qui·

213 3363 275 3416 dem
299 3363 327 3414 in
348 3362 443 3414 eodem
464 3378 550 3414 sensu.
587 3361 650 3415 Non
671 3361 720 3432 igi-

213 3459 256 3500 tur
268 3445 392 3499 Marcosii
407 3446 525 3498 contenti
540 3457 600 3498 sunt
611 3463 720 3498 omnem

214 3529 476 3583 creatamscientiam
486 3545 649 3600 exsuperare,
657 3529 720 3599 quin

214 3625 240 3668 et
254 3631 348 3667 omnes
363 3615 435 3686 leges
447 3613 497 3667 Dei
511 3613 673 3683 (Demiurgi)
690 3630 720 3666 ac

214 3696 340 3751 iudicium
350 3697 437 3768 ipsum
446 3714 502 3750 non
514 3697 636 3761 timeant,
646 3696 720 3767 quasi

213 3799 291 3852 super
300 3782 364 3835 haec
375 3782 466 3835 omnia
476 3781 537 3844 sint,
549 3781 633 3834 liberi.
669 3780 720 3833 Ra·

213 3867 253 3920 tio
276 3879 365 3919 autem
389 3865 466 3919 huius
487 3863 663 3918 confidentiae
682 3876 720 3918 est

215 3951 345 4004 redemtio
359 3966 406 4004 seu
419 3950 539 4004 liberatio
554 3950 587 4002 ab
604 3949 646 4002 his
663 3967 721 4002 om-

215 4035 299 4100 nibus,
307 4051 353 4106 per
362 4052 477 4106 pneuma
487 4035 557 4106 quod
564 4047 721 4106 acceperunt

215 4120 330 4173 secundo
346 4120 486 4192 baptism0,
497 4132 525 4174 ut
538 4119 646 4174 inferius
659 4120 720 4172 ube-

216 4204 269 4258 rius
288 4205 388 4260 dicetur
407 4207 442 4274 (c.
461 4205 546 4271 XXI).
589 4203 721 4258 Observat

772 2854 888 2907 maxime
907 2855 1054 2907 notandum
1071 2867 1110 2908 est
1130 2855 1157 2907 in
1176 2855 1277 2925 scriptis

772 2938 899 3009 gnosticis
916 2939 1025 3009 copticis
1044 2940 1174 3010 permulta
1193 2941 1278 2994 adhuc

772 3023 875 3078 edoceri
890 3023 922 3076 de
937 3023 1040 3076 ratione
1053 3041 1104 3094 qua
1118 3025 1277 3094 pneumatici

773 3107 947 3182 Demiurgum
956 3109 1130 3161 etarcbontas
1138 3107 1278 3179 effugiant;

774 3192 809 3244 ita
822 3203 850 3245 ut
864 3191 917 3245 fere
930 3191 962 3244 ad
975 3192 1024 3244 has
1039 3191 1174 3258 formulas,
1184 3193 1279 3264 sigilla,

773 3276 908 3346 apologias
927 3287 986 3340 ete,
1004 3275 1157 3329 ediscendas
1177 3277 1279 3348 integra

773 3360 863 3429 gnosis
877 3359 962 3412 redire
971 3360 1100 3414 videatur.
1131 3359 1184 3414 Cfr.
1194 3378 1278 3432 praes.

773 3441 849 3494 Piscis
870 3441 895 3494 S.
916 3459 937 3495 c.
961 3456 1007 3509 143
1031 3442 1172 3512 [Schmidt,
1186 3463 1210 3516 p.
1228 3457 1276 3510 245

774 3527 856 3596 sqq.];
866 3525 941 3579 Liber
951 3527 1005 3592 Ieu,
1018 3527 1050 3591 ΙΙ,
1060 3545 1083 3588 c.
1096 3541 1123 3596 51
1139 3527 1279 3598 [Schmidt,

774 3628 798 3681 p.
818 3625 863 3678 321
883 3610 953 3681 sqq.]
970 3624 1020 3664 etc.

809 3697 852 3764 (4)
871 3695 921 3748 Scl.
945 3697 1092 3768 Demiurgo
1123 3699 1165 3768 qui
1197 3699 1280 3752 nescit

773 3781 897 3852 spiritulia
911 3780 957 3848 (V,
970 3779 1031 3848 4-6,
1043 3801 1085 3854 pp.
1102 3786 1244 3852 110-113).

812 3867 852 3933 (5)
871 3865 979 3918 Melius:
1003 3865 1052 3920 «O
1068 3884 1134 3937 quae
1147 3867 1205 3920 Deo
1217 3868 1280 3920 assi-

778 3951 846 4004 «des
856 3969 885 4003 s:
899 3964 938 4004 est
954 3968 1050 4022 nempe
1064 3951 1163 4023 Sophia,
1177 3964 1204 4004 ut
1217 3969 1280 4006 mox

775 4035 872 4105 legenti
891 4037 1031 4089 constabit.

813 4117 853 4186 (6)
879 4120 911 4172 H.
941 4138 963 4173 e.
991 4137 1058 4191 quae
1085 4134 1147 4176 ante
1178 4123 1280 4174 saecula

776 4205 844 4272 (non
860 4204 967 4272 Aeones)
981 4203 1043 4269 fuit3
1059 4204 1104 4259 csr.
1120 4205 1140 4271 1,
1161 4221 1182 4272 1,
1197 4223 1221 4276 p.
1238 4222 1280 4274 77.
