3238 5090
175 475 283 542 (mvl,
306 476 392 546 1-2).]
574 478 665 524 amen
687 478 851 524 sacuuous
1181 480 1244 545 447

175 669 322 758 operibus
349 672 452 758 itaque
479 669 644 738 ostendant
668 673 855 760 semetipsos
879 673 1057 761 Demiurgo
1081 673 1246 752 meliores3

176 799 240 843 non
264 778 349 842 enim
372 778 405 844 in
428 800 467 843 eo
490 776 574 866 quod
598 775 721 858 dicitur,
746 777 800 846 sed
823 779 855 844 in
879 779 1025 867 eoquod
1049 795 1107 860 est,
1134 780 1247 845 melior

178 882 300 948 ostendi
323 881 466 948 debete>

247 1009 276 1074 3.
301 987 399 1070 Quod
424 989 519 1076 igitur
537 1012 617 1077 opus
636 987 855 1057 monstrabunt
875 1012 929 1078 pet
947 992 1165 1079 semetipsose
1182 991 1249 1058 Sal-

178 1113 297 1176 satore,
321 1097 387 1160 sive
411 1118 427 1160 a
452 1111 551 1162 matre
573 1097 716 1184 ipsorum
736 1095 864 1176 facturn,
880 1097 1059 1177 ammaim,
1079 1113 1131 1164 aut
1147 1098 1250 1186 splen-

178 1199 291 1282 didius,
315 1217 367 1267 aut
390 1199 603 1268 rationabilius
619 1201 668 1268 his
686 1223 765 1290 quae
785 1202 863 1269 facta
880 1219 952 1270 sunt
967 1203 1006 1270 ab
1020 1203 1091 1286 hoc,
1107 1206 1160 1293 qui
1174 1203 1249 1270 haec

179 1308 287 1372 omnia
311 1305 485 1394 disposuit?
531 1309 626 1390 Quos
649 1308 752 1374 caelos
775 1305 999 1375 firmaverunt?
1018 1332 1113 1398 quam
1133 1326 1249 1376 terram

181 1411 411 1481 solidaverunt?
438 1437 515 1503 quas
546 1416 719 1482 emiserunt
753 1415 878 1482 stellas?
901 1417 952 1482 vel
979 1439 1057 1504 quae
1085 1417 1250 1483 luminaria

181 1517 436 1587 elucidaverunt?
458 1519 572 1609 quibus
595 1537 700 1588 autem
719 1521 842 1588 circulis
859 1521 1110 1592 infraenaverunt
1129 1525 1186 1590 ea?
1201 1523 1252 1588 vel

181 1647 258 1713 quas
282 1625 412 1713 pluvias,
435 1627 484 1694 vel
509 1626 636 1716 frigora,
661 1629 709 1695 vel
735 1629 833 1710 nives,
857 1629 1030 1696 secundum
1055 1647 1190 1718 tempus,
1222 1645 1252 1694 et

183 1731 355 1800 secundum
388 1757 641 1823 unamquamque
672 1737 834 1823 regionem
870 1735 1022 1824 aptabilia,
1058 1736 1252 1803 adduxerunt

183 1840 345 1906 terrae?(²l
390 1840 499 1922 Quem
523 1859 626 1908 autem
652 1842 789 1909 calorem
809 1858 839 1910 et
863 1844 1034 1926 siccitatem
1059 1845 1253 1910 econtrario

185 1963 393 2034 apposuerunt
416 1947 483 2013 eis?
506 1964 559 2014 aut
581 1971 660 2036 quae
675 1947 807 2030 flumina
826 1947 982 2016 abundare
999 1948 1158 2017 lecerunt?
1172 1971 1253 2038 quos

186 2069 289 2118 autem
313 2051 484 2120 eduxerunt
509 2052 630 2121 sontes?
645 2053 758 2142 quibus
773 2071 878 2121 autem
895 2054 1026 2122 floribus
1045 2071 1074 2122 et
1091 2054 1253 2122 arboribus

186 2157 415 2226 adornaverunt
438 2182 507 2225 eam
530 2183 609 2247 quae
639 2178 686 2228 est
709 2161 766 2228 sub
790 2162 893 2230 caelo?
922 2163 971 2230 vel
994 2185 1089 2251 quam
1114 2163 1255 2228 multitu-

186 2263 291 2330 dinem
308 2264 489 2331 animalium
503 2263 728 2348 formaverunt,
741 2269 854 2355 partim
873 2267 1001 2355 quidem
1013 2266 1254 2348 rationabilium,

186 2373 298 2458 partim
312 2389 416 2438 autem
429 2373 699 2454 irrationabilium,
711 2376 933 2442 universorum
942 2375 1044 2443 forma
1056 2377 1256 2442 ornatorum?

188 2479 226 2544 Et
250 2479 365 2566 reliqua
388 2481 496 2546 omnia
519 2503 597 2569 quae
620 2503 675 2569 per
693 2483 842 2549 virtutem
858 2483 919 2549 Dei
943 2499 1016 2549 sunt
1031 2484 1209 2564 constituta,
1225 2499 1255 2548 et

187 2587 335 2674 sapientia
358 2588 424 2654 eius
447 2587 669 2676 gubernantur,
692 2590 762 2675 quis
776 2591 890 2677 poterit
912 2612 967 2677 per
985 2590 1105 2678 singula
1126 2613 1256 2655 enume-

188 2717 266 2776 rare,
282 2693 332 2760 vel
348 2694 536 2782 investigare
556 2695 805 2784 magnitudinem
826 2697 992 2784 sapientiae
1010 2697 1087 2776 eius,
1103 2696 1155 2782 qui
1173 2694 1256 2775 lecit,

190 2801 273 2866 Dei?
332 2799 418 2882 Quid
443 2817 548 2868 autem
572 2803 624 2869 illa
646 2826 725 2890 quae
748 2826 841 2891 super
867 2803 1000 2884 caelum,
1030 2820 1060 2870 et
1083 2824 1161 2890 quae
1193 2825 1257 2868 non

189 2923 393 2994 praetereunt,
405 2925 519 2995 quanta
538 2923 621 2989 sunt,
637 2910 761 2997 Angeli,
773 2909 973 2997 Archangeli,
990 2909 1258 2988 Throni,D01ui-

188 3013 300 3094 tiones,
331 3013 503 3079 Potestates
535 3013 798 3082 innumerabiles?
853 3013 1014 3082 Adversus
1047 3013 1132 3103 quod
1163 3015 1259 3102 igitur

190 3141 287 3186 unum
302 3141 380 3206 opus
392 3141 430 3184 ex
446 3119 494 3184 his
510 3120 696 3208 semetipsos
714 3122 904 3188 econtrario
920 3120 1136 3189 constituunt?
1170 3119 1258 3201 Quid

190 3224 250 3292 tale
265 3224 428 3291 ostendere
444 3223 558 3292 habent
571 3249 624 3314 per
635 3229 831 3315 semetipsos,
846 3227 895 3294 vel
909 3251 927 3293 a
941 3228 1117 3315 semetipsis
1131 3224 1260 3307 lactum,

191 3329 315 3420 quando
338 3350 369 3398 et
392 3333 449 3420 ipsi
473 3332 566 3400 huius
590 3331 706 3400 lactura
725 3349 754 3400 et
774 3335 939 3422 plasmatio
954 3334 1040 3400 sint?
1085 3333 1158 3399 Sive
1174 3334 1258 3398 enim

193 3437 344 3519 Salvator,
369 3439 435 3503 sive
459 3454 557 3504 matur
580 3439 722 3524 ipsorum
738 3438 789 3528 (ut
805 3439 928 3526 propria
946 3441 1086 3526 ipsorutn
1105 3436 1259 3518 dicamus,

259 3653 325 3719 Οὐκ
348 3653 381 3718 ἐν
404 3661 445 3737 τῷ
467 3650 567 3737 λέγειν
589 3651 660 3718 ἀλλ’
672 3653 704 3716 ἐν
727 3661 769 3737 τῷ
792 3655 866 3718 εἶναι
884 3654 901 3718 ὁ
919 3653 1062 3739 κρείττων
1084 3651 1261 3716 δείκνυσθαι
1294 3607 1302 3616 -

193 3761 315 3846 ὀφείλει.

229 3953 272 4022 (1)
285 3951 390 4023 Fragm.
401 3963 440 4006 est
453 3968 485 4005 ex
496 3949 622 4004 cod.Vat.
632 3965 696 4018 1503
754 3969 835 4006 masc.
855 3952 925 4005 idem
945 3951 1038 4020 dedit].

194 4053 247 4108 quo
266 4036 436 4089 continentur
451 4035 558 4088 Catenae
576 4035 698 4088 Patrone:
789 4038 831 4104 (2)
851 4035 955 4088 Allusio
973 4034 1006 4086 ad
1035 4033 1092 4096 lon,
1112 4031 1261 4084 XXXVIII.

195 4121 265 4190 publ.
278 4120 393 4190 primum
413 4137 454 4190 ap.
468 4118 645 4184 Maeuiam,
660 4133 699 4186 54.
753 4119 896 4172 Paorruus
920 4134 1024 4190 quoquc
1044 4116 1111 4169 Ado.
1137 4115 1226 4169 Giaost.
1249 4130 1260 4182 3

197 4204 297 4274 [Hom
318 4204 368 4256 loc.
391 4203 434 4256 cit.
465 4221 489 4274 p.
517 4217 557 4275 59,
584 4221 616 4258 ex
647 4204 700 4256 Da·
755 4221 846 4257 eorum
870 4203 1001 4256 insaniam
1027 4201 1150 4254 similiter
1168 4200 1262 4270 arguit.
