3274 5100
206 474 419 548 (xV111‚5a)]
1209 460 1273 544 369

600 480 691 528 arnan
714 479 879 526 sacuuous

207 671 239 738 bi
257 671 295 738 ad
312 671 443 740 verbum
458 673 496 739 de
513 673 709 740 Plenitudine
726 696 856 740 suorum
873 692 903 741 et
923 674 1028 761 Bytho
1043 672 1166 741 dicunt:
1192 671 1273 740 unde

207 779 299 844 etiam
320 795 349 844 et
368 801 419 844 eas
435 802 514 867 quae
533 797 604 846 sunt
620 778 658 847 de
677 802 752 860 un0,
771 781 1008 868 coniugationes
1027 781 1208 846 annituntur
1227 780 1276 848 in-

207 884 380 967 troducere,
402 909 482 975 quae
509 887 636 953 Marcus
646 887 680 940 (¹)
706 887 791 952 velut
818 910 874 953 sua
901 888 1028 968 iactans,
1051 885 1137 952 velut
1160 887 1275 952 novius

208 991 320 1079 aliquid
344 993 431 1058 visus
461 1009 508 1059 est
538 1010 658 1082 praeter
684 993 820 1082 reliquos
848 993 1055 1074 adinvenisse,
1079 992 1277 1080 Pythagorae

208 1099 488 1186 quaternationem,
504 1099 589 1166 velut
607 1100 736 1187 genesin
755 1116 784 1166 et
804 1115 937 1166 matrem
954 1101 1100 1166 omnium
1119 1122 1275 1166 enarrans.

249 1267 253 1277 .
276 1225 306 1291 7.
319 1203 378 1295 [6]
417 1207 569 1272 Dicemus
586 1223 690 1272 autem
706 1205 855 1273 adversus
871 1229 943 1274 eos:
960 1223 1107 1273 utrumne
1119 1206 1151 1272 hi
1164 1229 1276 1274 omnes

208 1312 260 1398 qui
284 1310 431 1399 praedicti
455 1330 537 1392 sunt,
561 1335 634 1378 cum
657 1311 771 1401 quibus
795 1312 904 1379 eadem
928 1313 1067 1380 dicentes
1095 1313 1277 1401 arguimini,

208 1435 426 1505 cognoverunt
449 1420 624 1499 veritatem,
649 1435 701 1484 aut
724 1441 789 1485 non
812 1421 1051 1507 cognoverunt?
1098 1420 1136 1486 Et
1159 1421 1185 1486 si
1208 1420 1278 1508 qui-

209 1521 282 1590 dem
306 1543 533 1612 cognoverunt,
550 1524 704 1612 superflua
723 1543 770 1592 est
786 1525 956 1592 Salvatoris
972 1526 1004 1592 in
1022 1525 1105 1593 hunc
1121 1526 1275 1592 mundum

208 1629 420 1697 descensio&
467 1633 511 1698 Ut
525 1629 601 1720 quid
620 1633 705 1698 enim
725 1630 955 1700 descendebat?
1000 1634 1052 1699 An
1070 1630 1223 1720 numquid
1244 1649 1278 1698 ut

209 1760 280 1802 eam
303 1761 381 1825 quae
405 1736 652 1826 cognoscebatur
682 1741 816 1820 veritas,
831 1740 863 1804 in
887 1740 1081 1826 agnitionem
1113 1737 1278 1805 adduceret

210 1843 269 1922 his,
293 1844 344 1931 qui
369 1861 565 1932 cognoscunt
592 1869 672 1926 eam,
697 1845 901 1912 hominibus?
946 1845 979 1912 Si
1004 1863 1108 1912 autem
1136 1869 1201 1912 non
1224 1869 1278 1914 co-

210 1967 407 2034 gnorerunt3
431 1951 699 2038 quemadmodum
723 1941 832 2020 eadem
856 1949 930 2019 cum
953 1953 1013 2035 his,
1036 1955 1089 2042 qui
1113 1953 1276 2020 veritatem

210 2080 274 2124 non
301 2058 543 2146 cognoscebant,
565 2058 715 2141 dicenteS,
739 2059 824 2127 solos
854 2063 1067 2150 vosmetipsos
1098 2085 1167 2128 eam
1199 2085 1278 2150 quae

210 2181 257 2229 est
281 2187 373 2252 super
396 2167 504 2231 omnia
527 2167 666 2254 cognitio
693 2166 805 2233 habere
837 2168 1028 2255 gloriamini,
1052 2191 1148 2257 quam
1171 2170 1278 2249 etiam,

210 2272 262 2358 qui
287 2272 431 2359 ignorant
455 2273 572 2353 Deum,
590 2272 726 2340 habent?
772 2273 952 2341 Secundum
976 2275 1168 2364 antiphrasin
1191 2298 1278 2364 ergo,

210 2379 347 2444 ueritatis
379 2379 600 2466 ignorantiam,
623 2381 816 2468 agnitionem
847 2399 978 2448 vocant:
1006 2398 1037 2447 et
1062 2381 1139 2448 bene
1163 2383 1278 2448 Paulus

210 2485 266 2550 ait:
290 2511 304 2546 n
319 2507 436 2551 vocum
453 2486 662 2552 novitates..
688 2486 781 2553 falsae
797 2489 966 2575 agnitionis
978 2489 1048 2554 „tal
1094 2489 1177 2555 Vere
1193 2489 1278 2555 enim

246 2693 286 2758 (ι)
307 2689 405 2743 lterum
425 2689 470 2744 csr,
483 2691 504 2756 1,
520 2707 567 2755 xv,
581 2707 590 2744 1
606 2691 644 2762 (p.
659 2692 716 2762 198,

211 2786 266 2826 not.
287 2773 318 2844 1).

247 2859 290 2927 (a)
317 2859 366 2912 Hic
395 2877 450 2913 non
480 2872 537 2912 tam
564 2861 716 2913 adnotanda

210 2960 306 2996 censeo
325 2961 391 3014 quae
410 2943 443 2996 lr.
463 2943 495 2997 de
515 2943 567 2997 line
586 2948 717 2998 adventus

211 3028 309 3080 Christi
335 3029 448 3081 breviter
467 3029 565 3081 innuit:
593 3041 718 3099 opportu-

212 3111 271 3163 nior
289 3113 316 3164 in
335 3125 469 3182 posterum
489 3114 561 3165 locus
580 3113 614 3166 ad
629 3125 716 3167 osten-

212 3195 327 3248 dendum
346 3209 449 3266 praeter
467 3196 548 3250 finem
568 3198 638 3251 hunc
657 3215 717 3269 pae-

211 3280 369 3350 dagogicum
399 3281 455 3350 (qui
479 3299 544 3334 unus
570 3281 718 3336 afferendus

227 3363 718 3435 ratadhominemcontraGnosticos),

211 3445 292 3500 finem
308 3464 411 3518 quoque
424 3460 449 3500 et
463 3449 594 3518 inprimis
608 3451 717 3503 soterio·

211 3532 327 3602 logicum
340 3533 372 3584 ab
386 3532 418 3585 lr.
432 3531 521 3596 sateri;
540 3533 586 3586 sed
601 3534 718 3587 maxime

211 3617 332 3669 attendas
352 3617 432 3670 velim
451 3618 520 3687 quod
540 3616 605 3670 serat
621 3617 718 3672 Noster

209 3700 336 3753 iudicium
355 3701 388 3753 de
406 3702 530 3754 universa
549 3701 716 3754 ethnicorum

212 3785 352 3856 sapientia:
365 3786 457 3838 nullibi
471 3787 543 3839 enim
556 3787 620 3839 haec
634 3798 662 3839 ut
672 3803 718 3838 an-

211 3871 330 3941 ticipatio
348 3883 374 3924 et
393 3871 558 3941 praeparatio
582 3871 718 3924 christiani

211 3955 328 4008 nominis
344 3956 376 4008 ab
389 3955 421 4008 lr.
435 3956 558 4020 babetur;
578 3956 647 4026 quod
660 3973 717 4026 v.g.

211 4040 719 4112 lustinus,Athenagoras,Clemens

212 4125 342 4177 Alexand.
358 4137 408 4177 etc.
428 4125 497 4178 haud
517 4125 598 4178 semel
614 4124 663 4177 sibi
678 4141 719 4177 as-

212 4221 328 4263 sumunt.
369 4209 401 4261 ln
420 4209 461 4262 his
485 4209 583 4262 Noster
607 4209 720 4262 omnino

770 2709 831 2745 curn
846 2690 971 2755 Tatiano,
990 2693 1098 2746 Hermia
1118 2705 1144 2746 et
1163 2710 1280 2764 praeser-

770 2777 819 2829 tim
838 2775 990 2848 Theophilo
1008 2777 1097 2843 sentit,
1112 2777 1157 2848 qui
1172 2778 1279 2832 nonnisi

771 2859 886 2913 fucatam
911 2873 936 2914 et
960 2862 1118 2916 ementitam
1143 2863 1280 2916 doctrinae

771 2945 885 3015 speciem
904 2945 936 2998 ad
956 2947 1088 2998 maximos
1111 2963 1212 3000 errores
1235 2946 1281 3000 de·

770 3029 1020 3099 tegendosetlrnicis
1030 3031 1188 3084 adscribunt.
1226 3029 1262 3083 Cl
1273 3069 1279 3082 .

771 3110 897 3167 Tarona.
917 3112 1002 3165 Autol.
1023 3113 1054 3178 ll,
1071 3128 1110 3167 12.
1148 3115 1184 3167 At
1206 3114 1232 3166 id
1252 3114 1280 3166 in

771 3197 886 3249 barbaris
905 3197 1002 3250 mirum
1022 3214 1078 3250 esse
1097 3198 1197 3269 nequit.

808 3283 850 3352 (3)
865 3281 877 3334 l
891 3281 956 3335 Tim.
969 3281 1015 3347 Vl,
1027 3297 1067 3335 20.
1100 3283 1280 3350 καινοφωνίας

770 3365 867 3419 Noster
886 3367 950 3437 legit
965 3383 1026 3420 cunr
1042 3366 1069 3419 F.
1080 3365 1112 3420 G.
1128 3366 1145 3420 i.
1159 3385 1184 3438 g.
1201 3365 1279 3436 Vulg.

771 3450 854 3503 Hilar.
864 3450 945 3504 Lucil.
955 3450 1093 3521 Chrysost.
1102 3453 1156 3521 (ap.
1167 3449 1279 3504 Oecum.

772 3546 797 3588 et
811 3534 1032 3605 Theophylact.):
1052 3535 1096 3587 sed
1115 3533 1280 3600 κενοφωνίας

771 3619 869 3672 habent
889 3619 923 3682 A,
934 3618 967 3684 D,
976 3619 1065 3690 Steph.
1081 3631 1107 3673 et
1120 3618 1173 3672 fere
1186 3635 1279 3672 ornnes

771 3705 916 3767 versiones,
942 3715 970 3756 ut
999 3721 1075 3775 syrr,
1099 3715 1177 3774 copt.,
1201 3704 1281 3767 aeth,

771 3801 875 3858 praeter
887 3787 971 3841 Clem.
983 3789 1059 3842 Alex.
1069 3788 1125 3858 (qui
1139 3788 1223 3841 immo
1236 3787 1280 3840 ad-

772 3873 810 3926 dit
826 3871 930 3942 [Strom.
942 3872 963 3941 l]
980 3885 1119 3942 eapropter
1133 3869 1282 3924 haereticos

772 3955 1281 4026 hancepistolamrespueredequovide

773 4039 1281 4109 etTenruaa.Marc.Vfrn.),Hippol.,

773 4125 851 4196 Orig.
894 4125 1041 4195 Antiquam
1061 4125 1153 4177 italam
1177 4139 1281 4194 quoque

773 4225 834 4261 cum
853 4207 921 4261 lren.
950 4207 1048 4260 sentire
1067 4218 1139 4277 patet
1158 4223 1191 4259 ex
1210 4206 1282 4259 Tun-
