3230 5062
241 485 300 554 (vl,
324 485 409 553 2-3)·]
664 485 754 533 tuen
779 483 893 531 numus
1248 467 1307 548 169

241 674 301 742 hoc
320 676 459 742 Ecclesia
475 691 586 742 vocata
603 677 698 742 est.(¹)
742 676 907 764 Loquutus
923 692 970 742 est
985 675 1169 763 Anthropos
1185 676 1310 764 Lognn,

241 781 293 848 hic
311 798 358 848 est
374 783 604 870 primogenitus
621 779 715 848 filius.
762 780 967 869 Subsequitur
982 797 1086 847 autem
1101 781 1215 868 Logou
1235 783 1309 863 Zoe,

157 961 168 968 ‚
242 906 273 954 et
291 889 334 955 sic
349 890 452 976 prima
466 888 626 955 octonario
643 888 799 976 completa
823 905 880 955 est.

309 1019 339 1082 4.
355 995 418 1086 [W
417 996 463 1062 H.
483 995 538 1077 VI,
554 995 634 1086 5].<²)
679 996 781 1063 Multa
796 1014 901 1063 autem
917 1020 1021 1085 pugna
1037 996 1116 1085 apud
1133 1019 1199 1078 eOS,
1215 997 1309 1063 etiam

241 1102 281 1170 de
304 1103 474 1171 Salvatore.
521 1099 662 1184 Quidam
686 1105 772 1169 enim
796 1127 869 1170 eum
893 1126 931 1169 ex
954 1101 1103 1170 omnibus
1127 1120 1310 1192 generatum

241 1209 359 1291 dicunt,
371 1224 559 1297 quapropter
576 1209 809 1297 Beneplucitum
824 1211 940 1290 vocari,
956 1211 1108 1298 quoniam
1127 1213 1311 1276 universum

243 1316 388 1382 Pleroma
411 1314 490 1382 bene
513 1318 609 1383 sensit
637 1339 691 1405 per
718 1340 792 1383 eum
815 1315 991 1405 glorificare
1020 1317 1191 1383 Patremtu
1248 1316 1310 1382 Alii

243 1440 349 1490 autem
372 1447 410 1490 ex
433 1423 509 1490 solis
532 1421 640 1490 decem
667 1424 840 1504 Aeonibus,
863 1425 916 1513 qui
941 1439 1053 1490 sunta
1077 1425 1168 1512 Logo
1192 1441 1221 1490 et
1249 1425 1312 1490 Zoe

244 1529 362 1611 emissi,
385 1545 416 1595 et
439 1545 565 1617 propter
588 1528 649 1596 hoc
672 1531 785 1618 Logon
804 1547 835 1595 er
854 1530 939 1597 Zoen
958 1529 1020 1597 dici
1039 1553 1124 1610 eum,
1148 1547 1312 1618 pareutum

243 1635 373 1702 nomina
397 1635 635 1702 custodientem.
682 1636 747 1702 Alii
769 1652 875 1702 autem
898 1660 937 1702 ex
959 1635 1126 1703 duodecim
1150 1635 1312 1703 Aeonibus

245 1741 304 1822 his,
327 1743 379 1830 qui
405 1759 478 1808 sunt
500 1741 538 1810 ab
557 1742 724 1831 Anthropo
743 1759 773 1810 et
795 1743 934 1809 Ecclesia
952 1741 1038 1809 facti:
1058 1759 1089 1808 et
1107 1760 1232 1831 propter
1252 1741 1313 1810 hoc

247 1849 359 1916 Filium
385 1849 524 1916 hominis
541 1873 574 1916 se
592 1849 744 1932 confiteri,
768 1850 855 1917 velut
875 1849 1131 1938 postgenituml⁴l
1145 1849 1312 1939 Anthropi.

246 1955 309 2022 Alii
332 1975 437 2024 autem
461 1979 478 2022 a
502 1955 631 2024 Christo
653 1975 686 2024 et
708 1956 823 2045 Spiritu
848 1973 967 2037 sancte,
991 1956 1040 2022 his
1069 1957 1124 2044 qui
1148 1955 1184 2022 ad
1208 1954 1315 2022 firma-

248 2080 389 2129 mentum
420 2062 608 2130 Pleromatis
639 2064 748 2130 emissi
778 2079 862 2144 sunt,
887 2062 1002 2130 factum
1034 2086 1109 2129 eum
1136 2062 1254 2143 dicunt,
1284 2080 1314 2128 et

246 2287 333 2343 τοῦτο
356 2278 529 2363 ’nuntiata
552 2277 737 2363 ὠνομάσθη·
783 2279 876 2342 καὶὸ
906 2277 1090 2362 Ἀνθρωπος
1121 2281 1171 2341 τον
1204 2277 1314 2360 Λόγον,

247 2383 332 2461 elada
354 2385 434 2449 ἐστιν
456 2385 473 2448 ὁ
495 2383 685 2468 πρωτότοκος
706 2383 786 2461 υἱός·
810 2383 1021 2448 ἐπακολουθεῖ
1034 2385 1069 2448 δὲ
1086 2391 1128 2467 τῷ
1148 2383 1240 2469 Λόγῳ
1263 2386 1316 2446 καὶ

247 2491 267 2575 ἡ
290 2489 378 2574 Ζιυή·
401 2493 454 2554 καὶ
476 2493 570 2568 οὕτως
592 2488 694 2574 πριῖντιγ
719 2489 851 2576 Ὀγδολς
873 2489 1091 2574 συνετελέσθη.

315 2619 346 2681 4.
371 2596 478 2682 Πολλὴ
493 2599 527 2662 δὲ
546 2597 631 2682 μάχη
651 2595 723 2682 παρ’
735 2598 835 2674 αὐτοῖς
852 2600 905 2660 καὶ
923 2600 990 2682 περὶ
1008 2607 1062 2662 τοῦ
1081 2597 1231 2683 Σωτῆρος.
1279 2595 1316 2661 Οἱ

249 2706 303 2789 μὲν
324 2707 383 2789 γαρ
405 2707 495 2768 αὺτὸν
519 2705 556 2767 ἐκ
577 2703 697 2768 πάντων
718 2701 874 2788 γεγονέναι
903 2701 1046 2788 λέγουσι·
1078 2704 1123 2768 διὸ
1146 2705 1199 2767 καὶ
1223 2703 1317 2767 Εὐδο-

248 2813 340 2896 νοητὸν
369 2809 543 2892 καλεῖσθαι,
567 2812 612 2873 ὅτι
641 2821 702 2873 πᾶν
731 2813 765 2874 τὸ
796 2809 954 2894 Πλήρυιμα
979 2809 1149 2895 ηἰιδὸκησεν
1174 2807 1213 2873 δι’
1225 2811 1317 2872 αὐτοῦ

249 2915 373 2994 δοξάσαι
390 2920 441 2980 τον
460 2915 593 3000 Πατέρα.
639 2914 678 2981 0t
704 2917 738 2980 δὲ
764 2916 800 2980 ἐκ
819 2916 917 3001 μόνων
934 2926 993 2980 τῶν
1010 2915 1087 2980 δέκα
1107 2915 1240 2996 Αἰώνιυν,
1259 2925 1318 2980 τῶν

250 3025 311 3087 ἀπὸ
334 3019 437 3108 Λόγου
459 3025 513 3088 καὶ
534 3023 631 3107 Ζιυης,
654 3021 883 3110 προβεβλῆσθαι
909 3024 999 3086 αὐτὸν
1029 3021 1163 3106 λέγουσι,
1187 3026 1224 3086 τὰ
1248 3041 1318 3106 προ·

249 3133 357 3214 γονικὰ
386 3129 519 3215 ὀνόματα
546 3128 740 3208 διασώζονται.
787 3126 825 3193 Oi
847 3129 881 3192 δὲ
904 3128 941 3191 ἐκ
963 3137 1021 3192 τῶν
1051 3127 1171 3192 δώδεκα
1197 3126 1319 3190 Αἰὼνιυν

250 3245 308 3300 τῶν
320 3235 357 3300 ἐκ
371 3245 425 3300 τοῦ
438 3231 623 3320 Ἀνθρώπου
633 3238 687 3299 καὶ
698 3234 886 3319 Ἐκκλησίας
900 3233 1084 3318 γενομένων·
1101 3236 1152 3297 καὶ
1168 3235 1217 3297 διὰ
1231 3244 1318 3299 τοῦτο

250 3343 320 3408 Υῑον
336 3342 500 3429 ἀνθρώπου
518 3339 652 3432 [ἑαυτὸν]
668 3341 820 3425 ὁμολογεῖ,
835 3341 946 3405 ὡσανεὶ
960 3341 1109 3425 ἀπόγονον
1124 3338 1317 3426 Ἀνθρώπου.

253 3447 394 3541 [Alam
408 3451 441 3514 δὲ
457 3451 516 3515 ὑπὸ
530 3459 583 3514 τοῦ
602 3449 737 3534 Χριστοῦ
753 3451 805 3512 καὶ
822 3459 875 3513 τοῦ
891 3447 978 3533 ἁγίου
994 3448 1169 3542 Πνεὺμογτος
1182 3445 1266 3537 [τῶν]
1279 3449 1319 3524 εἰς

252 3557 402 3643 στήριγμα
416 3566 469 3623 τοῦ
484 3555 693 3642 Πληρὼματος
713 3553 989 3646 [προβεβλημένων]
1006 3553 1162 3640 γεγονέναι
1180 3553 1320 3639 λέγουσιν

290 3795 332 3860 (ι)
357 3793 475 3846 Attende
502 3791 654 3863 analogiam
681 3789 759 3844 huius
818 3811 831 3840 u
840 3789 1049 3844 estFiliusmeus
1059 3791 1321 3860 dilectusinquoego

255 3877 402 3931 sententiae
430 3893 491 3929 cum
515 3875 602 3928 uerbis
620 3873 757 3944 Apostoli:
818 3875 906 3928 «mihi
921 3875 1088 3946 complacui„
1106 3877 1322 3942 Ινῷηύοοκησοι

258 3961 357 4025 «Quos
375 3973 463 4013 autem
478 3958 693 4030 praedestinavit,
712 3957 760 4010 hos
815 3959 941 4029 (Munna.
954 3958 1000 4024 Ill,
1016 3961 1068 4028 17).
1105 3958 1187 4021 Quod
1197 3975 1254 4011 rem
1264 3973 1321 4027 spe-

258 4057 306 4098 aet
326 4045 466 4099 vocavit».
815 4055 869 4096 ctat
888 4042 933 4097 cfr.
954 4060 978 4113 p.
999 4042 1095 4113 88-89.

290 4132 332 4196 (ι)
351 4127 405 4182 cfr,
425 4146 449 4200 p.
473 4127 531 4192 168,
550 4141 605 4182 not.
629 4144 650 4180 1.
852 4129 893 4195 (4)
915 4127 933 4180 l.
949 4144 972 4180 e.
992 4133 1116 4197 nepotem
1137 4125 1233 4178 similia
1253 4127 1321 4196 apud

290 4214 333 4282 (γ)
352 4212 679 4266 Reflectunturhucverba
693 4211 762 4264 «Hic
816 4212 997 4264 Hunncrros'.
1019 4209 1113 4280 fragm.
1133 4207 1158 4262 6.
1334 4213 1340 4222 ’
