3274 5100
204 467 497 546 Ι(Ιιιιίι-Ιι.ινιιι).]
636 470 726 517 uam
750 470 864 518 paruus
1219 448 1280 534 285

214 687 294 752 quae
310 661 382 730 ferri
407 663 558 750 Spiritum
573 663 691 746 dicunt,
702 663 736 717 (Ι)
759 663 893 753 primam
911 662 1060 730 feminam
1076 686 1150 728 eum
1166 685 1284 729 vocan-

214 787 270 836 tes.
282 771 315 824 (²)
360 770 483 850 Postea,
505 769 624 851 dicunt,
648 770 820 836 exsultante
843 771 946 858 primo
969 769 1099 836 homine
1118 792 1191 836 curn
1215 768 1282 836 filio

214 900 274 944 suo
297 900 388 965 super
412 875 607 944 formositate
638 877 783 966 Spiritus,
813 877 874 944 hoc
906 895 953 944 est
982 876 1128 958 feminae,
1159 894 1190 944 et
1213 877 1283 944 illu-

214 984 354 1049 minante
377 1005 458 1062 eam,
481 983 642 1070 generavit
660 1005 698 1048 ex
716 1006 752 1049 ea
767 983 876 1049 lumen
890 980 1134 1070 incorruptibile,
1153 983 1282 1050 tertium

215 1089 402 1170 masculum,
421 1111 516 1177 quem
537 1087 702 1156 Christum
721 1105 846 1172 vocant,
865 1071 966 1155 filium
982 1089 1080 1155 Primi
1098 1105 1127 1155 et
1147 1088 1281 1156 Secundi

216 1197 363 1263 Hominis
386 1214 417 1265 et
451 1198 583 1284 Spiritus
607 1197 705 1263 sancti
729 1197 854 1263 Primae
878 1197 1037 1276 Feminae,
1069 1195 1283 1263 concumben-

215 1301 297 1370 tibus
321 1320 424 1370 autem
448 1320 533 1392 patre
566 1320 597 1370 et
624 1302 690 1370 filio
714 1302 859 1385 feminae,
882 1326 978 1392 quam
1012 1319 1041 1370 et
1072 1320 1207 1370 matrem
1235 1305 1282 1368 ni-

215 1415 357 1478 tentium
380 1411 497 1479 dicunt.

283 1537 312 1584 2.
337 1518 450 1599 Quum
474 1535 579 1584 autem
596 1541 661 1584 non
677 1519 830 1605 potuisset
856 1535 979 1607 portare
1002 1540 1059 1584 nec
1083 1540 1191 1607 capere
1216 1541 1282 1584 ma-

213 1622 409 1711 gnitudinem
439 1623 608 1706 luminum,
639 1624 884 1712 superrepletam
919 1642 950 1692 et
984 1623 1280 1712 superebullientem

214 1729 386 1797 secundum
411 1730 618 1796 sinisteriores
642 1747 743 1819 partes
766 1729 893 1798 dicunt:
917 1747 948 1797 et
971 1728 1161 1818 sicquidem
1181 1729 1280 1798 filium

213 1860 324 1904 eorum
344 1837 446 1904 solum
465 1838 640 1920 Christum,
656 1839 745 1926 quasi
762 1838 919 1920 dextrum,
936 1855 966 1904 et
984 1839 1016 1904 in
1033 1839 1192 1925 superiora
1207 1838 1282 1904 alle-

214 1944 368 2024 vatitium,
392 1959 549 2031 arreptum
581 1945 686 2010 statim
713 1967 786 2011 cum
819 1963 919 2011 matre
946 1946 979 2011 in
1011 1942 1279 2032 incorruptibilem

215 2143 297 2206 χάος·
322 2141 395 2207 θῆλυ
414 2143 444 2192 δὲ
463 2144 494 2193 τὸ
513 2142 619 2208 Πνεῦμα
642 2143 761 2208 καλοῦσι,
784 2147 831 2195 καὶ
853 2149 908 2205 τοις
933 2140 1074 2210 στοιχείοις
1098 2142 1281 2207 ἐπιφέρεσθαι.

216 2229 380 2298 Ἐροισθῆναι
399 2233 429 2282 δέ
449 2247 512 2296 φασι
525 2233 570 2282 τὸν
582 2236 687 2296 πρῶτον
706 2231 876 2296 ΙΑνθοιιιπσν,
887 2235 934 2284 καί
946 2235 992 2283 τὸν
1006 2233 1137 2296 δεύτερον,
1150 2237 1198 2297 τῆς
1211 2233 1281 2296 ὥρας

214 2318 261 2368 τοῦ
279 2320 432 2385 Πνιὺματος
500 2324 546 2371 καί
564 2323 753 2386 παιδοποιῆσσιι
772 2327 829 2386 φῶς
842 2358 848 2372 .
861 2359 885 2373 ..
899 2321 914 2372 ὃ
932 2321 1044 2373 καλοῦσι
1062 2323 1173 2386 Χριστόν
1186 2360 1191 2370 .
1204 2358 1228 2374 ..
1244 2323 1279 2386 μὴ

216 2407 375 2474 δυνηθεῖσαν
395 2410 424 2459 δὲ
449 2409 577 2473 βαστάσαι
599 2412 648 2476 τὴν
672 2411 786 2475 θήλιισιν
811 2410 857 2460 τοῦ
882 2412 970 2480 φωτὸς
993 2411 1041 2477 τὴν
1066 2410 1214 2476 ὑπερβολήν

250 2598 292 2662 (ι)
310 2595 364 2650 Clr.
385 2595 448 2652 Gerr.
466 2596 486 2660 l,
507 2613 519 2666 3
537 2609 563 2650 et
582 2615 637 2668 sqq.

249 2683 292 2750 (2)
320 2681 438 2735 Breviter
467 2680 509 2736 his
536 2682 721 2752 perstringitur

774 2614 830 2651 rau
841 2599 947 2668 (Seram.
959 2599 1003 2662 ΙΙΙ,
1016 2601 1045 2666 4)
1056 2601 1121 2652 haec
1132 2616 1178 2670 per
1188 2615 1280 2652 veram

774 2685 975 2754 generationem
986 2683 1106 2748 efficitur,
1113 2701 1195 2754 quum
1202 2683 1281 2736 Pater

214 2764 354 2836 descriptio
378 2766 490 2819 duorum
512 2767 630 2837 priorum
650 2767 720 2836 prin-

214 2849 351 2920 cipiorum,
378 2850 404 2903 h.
430 2868 452 2903 e.
472 2849 547 2903 Nous
571 2861 597 2904 et
622 2849 719 2903 Chaos.

215 2932 294 2987 Nous
313 2935 414 2988 tetrade
436 2935 514 2988 Pater
532 2936 590 3002 (seu
610 2934 720 2988 Protan-

214 3017 345 3088 thropos),
358 3018 438 3072 Filius
451 3018 597 3086 (Ennoea),
609 3019 720 3090 Spiritus

214 3101 319 3169 (Mater,
330 3103 414 3174 prima
428 3103 539 3172 femina)
552 3115 577 3157 et
590 3104 720 3168 Christus,

214 3187 395 3252 constituitur;
418 3187 463 3258 qui
486 3203 580 3242 omnes
608 3200 720 3258 quatuor

215 3287 278 3324 mox
300 3272 327 3324 in
351 3290 434 3326 unum
458 3273 654 3344 coniungentur
673 3273 719 3325 sub

214 3357 322 3411 nomine
337 3375 415 3412 verae
427 3371 454 3412 et
469 3372 575 3412 sanctae
587 3358 720 3411 Ecclesiae

214 3458 259 3494 seu
274 3443 452 3497 adunationis.
491 3442 553 3495 Non
565 3442 721 3496 absimiliter

212 3526 373 3597 diagramma
393 3527 461 3598 apud
480 3526 588 3580 Celsum
603 3527 647 3580 ubi
660 3528 719 3580 loco

213 3609 331 3680 Spiritus,
342 3627 387 3664 seu
400 3612 501 3681 primae
514 3609 637 3674 feminae,
650 3610 721 3664 Cha-

215 3693 277 3746 ritas
289 3693 463 3746 substituitur.
490 3693 570 3764 Apud
585 3693 666 3746 Pisiirr
676 3692 721 3748 So·

210 3778 297 3849 plriam
321 3781 418 3849 pariter
447 3790 571 3848 quattuor
590 3789 649 3830 sunt
675 3777 720 3830 sed

213 3878 307 3915 omnes
327 3860 480 3928 ineffabiles,
495 3862 532 3915 ita
547 3873 575 3914 ut
595 3878 649 3914 non
669 3861 720 3914 alia

213 3947 323 4000 nomina
347 3947 472 4011 habeant,
491 3946 541 3999 nisi
569 3945 720 4012 lnellabilis,

214 4030 292 4100 primi
305 4043 330 4084 et
344 4030 451 4085 secundi
470 4029 600 4102 mysterii,
615 4045 720 4084 eorum-

213 4117 429 4186 συσχωρήμιιτσ.
461 4115 540 4179 Quod
554 4115 650 4168 horum
660 4130 721 4184 pro-

214 4201 360 4254 cessionem
382 4212 491 4271 spectat,
512 4201 580 4270 apud
593 4200 720 4254 Caenon-

774 2785 802 2821 se
821 2769 906 2821 solurn
926 2785 983 2820 esse
1007 2783 1085 2838 aegre
1108 2767 1183 2820 serat:
1211 2767 1280 2837 apud

774 2869 839 2906 vero
862 2852 932 2906 Libr.
952 2852 995 2905 leri
1015 2869 1070 2905 non
1094 2852 1205 2905 habetur
1229 2851 1280 2904 nisi

774 2936 961 3008 psychologica
987 2935 1106 2988 idearum
1134 2935 1278 2988 successio:

774 3021 843 3091 apud
856 3020 923 3073 lren.
939 3019 981 3072 hic
1000 3031 1141 3089 utrumque
1160 3019 1280 3072 obtinere

773 3105 886 3170 videtur,
909 3121 989 3174 quum
1011 3103 1121 3156 Ennoea
1148 3101 1217 3156 filius
1242 3103 1280 3156 di-

773 3201 855 3241 catur.
896 3187 992 3240 Cuaos
1016 3187 1086 3256 quod
1115 3187 1210 3239 attinet
1237 3185 1280 3238 hic

774 3272 888 3326 breviter
918 3271 1042 3325 constitui
1073 3271 1169 3325 dicitur
1199 3291 1212 3320 ιι
1228 3272 1281 3324 ele-

777 3357 897 3410 amentis
916 3356 963 3409 sub
981 3355 1079 3426 Spiritu
1098 3356 1281 3426 segregatis»,

773 3457 866 3493 verum
893 3439 1060 3510 oppositione
1087 3439 1173 3509 magis
1200 3455 1281 3510 quam

773 3524 954 3594 generatione,
966 3541 1032 3594 quae
1045 3535 1178 3594 postrema
1192 3534 1281 3593 aperte

774 3608 803 3661 in
817 3608 879 3662 Pisi.
893 3607 967 3679 Soph.
983 3607 1142 3678 perhibetur:
1161 3618 1281 3659 attamen

774 3709 860 3764 neque
873 3693 941 3764 apud
955 3692 987 3746 lr.
1002 3692 1124 3764 explicite
1136 3691 1281 3744 dualismus

775 3777 918 3830 Marcionis
934 3788 984 3830 etc.
1003 3777 1030 3830 in
1049 3777 1090 3828 his
1109 3774 1281 3846 deprehendi-

758 3874 825 3938 ·tur.
867 3861 985 3915 Attende
1006 3872 1096 3914 autern
1123 3871 1234 3930 quantas
1254 3859 1281 3911 in

774 3945 863 4000 Chaos
891 3947 941 3998 hoc
969 3957 1055 4016 partes
1083 3945 1179 3998 habeat
1206 3959 1281 4014 aqua,

774 4045 841 4100 quae
861 4042 887 4084 et
909 4030 978 4099 apud
997 4029 1145 4101 Aegyptios
1163 4027 1281 4098 aliosque

774 4115 838 4167 mali
863 4124 889 4168 et
913 4114 1035 4167 miseriae
1062 4126 1087 4167 et
1111 4112 1281 4166 tenebrarum

773 4200 925 4271 symbolum
945 4211 992 4252 est.
