3288 5060
210 443 469 513 (XXVI-XXVII).]
634 445 724 492 LIBER
747 443 860 492 PRIMUS
1214 447 1275 514 277

209 639 363 728 quosdam
387 636 558 706 invisibiles
581 639 725 706 similiter
743 655 834 728 atque
853 639 885 704 hi
899 639 953 726 qui
972 663 989 706 a
1012 639 1181 708 Valentino
1197 658 1279 723 sunt,

210 747 295 814 velut
322 745 458 814 labulam
484 769 650 814 enarrans:
674 747 796 834 nuptias
819 762 924 814 autem
948 748 1138 835 corruptelas
1162 764 1192 815 et
1217 748 1282 815 for-

210 855 383 921 nicationes
406 854 551 920 similiter
569 869 603 919 ut
626 853 771 920 Marcion
790 869 820 920 et
839 854 1024 921 Saturninus
1047 852 1167 922 dicens:
1192 855 1280 922 Adae

211 977 317 1028 autem
341 961 433 1029 saluti
452 984 489 1028 ex
509 985 542 1027 se
565 961 845 1028 contradictionem
870 961 995 1028 faciens.
1008 963 1041 1016 (¹)

280 1088 309 1134 2.
333 1067 396 1134 Alii
411 1085 516 1134 autem
533 1090 640 1135 rursus
656 1091 673 1134 a
690 1067 824 1135 Basilide
839 1085 870 1135 et
886 1069 1076 1157 Carpocrate
1099 1070 1280 1136 occasiones

212 1176 409 1263 accipientes,
439 1174 650 1242 indifferentes
674 1177 785 1256 coitus
805 1191 836 1241 et
866 1174 981 1242 multas
1005 1177 1127 1265 nuptias
1150 1176 1281 1244 induxe-

215 1297 297 1360 runt,
321 1296 351 1347 et
370 1280 592 1368 negligentiam
608 1281 750 1368 ipsorum
765 1303 844 1368 quae
860 1299 932 1347 suut
947 1281 1122 1369 idolothyta
1138 1280 1175 1356 ad
1191 1306 1282 1349 man-

215 1386 404 1468 ducandum,
422 1410 488 1452 non
502 1385 592 1454 valde
607 1386 682 1454 haec
702 1409 810 1454 curare
824 1386 963 1454 dicentes
985 1388 1102 1454 Deum.
1148 1389 1187 1456 Et
1205 1388 1279 1478 quid

215 1493 321 1560 enim?
343 1517 408 1560 non
431 1510 477 1560 est
499 1516 670 1560 numerum
693 1493 796 1560 dicere
819 1515 941 1577 eorum,
964 1495 1018 1583 qui
1042 1494 1213 1562 secundum
1237 1496 1281 1562 al-

215 1615 317 1666 terum
340 1617 370 1667 et
388 1601 521 1667 alterum
546 1600 678 1668 modum
701 1601 882 1668 exciderunt
905 1603 1079 1670 averitate.
1093 1602 1126 1657 (²)

283 1781 362 1849 Cas.
386 1780 508 1848 XXIX.
545 1779 649 1870 [WH.
685 1777 843 1870 XXVII}
902 1781 1002 1862 Quia
1037 1801 1164 1848 onnam
1198 1801 1281 1848 sum

217 1887 465 1968 Gnosncoauu,
474 1907 515 1952 ar
527 1907 616 1961 Quae
628 1907 801 1954 sacuuoou
816 1907 874 1953 nos
885 1888 1132 1954 sauraurtaa.(³)
1181 1909 1207 1953 1.
1221 1888 1281 1954 Su-

216 2016 269 2082 per
293 1993 351 2060 bos
374 2011 490 2076 autem,
514 2018 551 2061 ex
574 1994 622 2060 his
645 1996 699 2082 qui
715 1993 862 2082 praedicti
882 2012 954 2061 sunt
974 1996 1160 2075 Simoniani,
1177 1994 1284 2061 multi-

216 2175 276 2237 ἀπο
300 2173 496 2238 (λίαλεντίνου
515 2173 750 2258 μυθολογήσας·
771 2176 821 2238 τὸν
839 2173 937 2260 γάμον
954 2196 988 2239 τε
1005 2175 1124 2259 φθορὰν
1141 2178 1195 2239 καὶ
1212 2198 1283 2261 πορ-

216 2280 297 2344 νείαν
319 2277 535 2364 παραπλησίως
558 2277 711 2365 Μαρκίωνι
733 2283 786 2344 καί
808 2280 976 2367 Σατορνίνῳ
998 2283 1220 2369 ἀναγορεῦσας·
1245 2294 1281 2367 τῇ

217 2385 251 2450 δὲ
264 2395 317 2450 τοῦ
334 2385 437 2471 Ἀδὰμ
451 2385 583 2471 σωτηρίᾳ
601 2384 672 2470 παρ’
684 2385 792 2451 ἑαυτοῦ
811 2389 864 2471 τὴν
881 2383 1051 2473 ἀντιλογίαν
1068 2388 1283 2474 ποιησάμενος.

292 2577 313 2614 1.
334 2563 384 2615 Ἐκ
399 2569 452 2614 των
468 2559 608 2631 [Σίμωνος]
624 2564 779 2628 σπερμάτων
794 2566 825 2615 τὸ
840 2569 892 2616 των
907 2566 1110 2633 Βαρβηλιωτων,
1122 2567 1206 2632 ῆγουν
1218 2568 1285 2632 Βορ-

218 2653 353 2718 βοριανων,
380 2653 398 2718 ἠ
422 2653 586 2714 Ναασσινῶν,
609 2653 626 2718 ἡ
651 2654 857 2718 Στρατιωτικων,
884 2655 902 2720 ἢ
930 2655 1083 2718 Φιβιονιτῶν
1110 2657 1284 2721 καλουμένων

254 2827 296 2897 (t)
313 2823 366 2878 Cfr.
386 2825 451 2879 haec
470 2841 502 2878 ex
522 2825 599 2896 Hipp.
614 2826 630 2879 l.
643 2842 666 2878 c.
679 2826 724 2879 de·
777 2823 831 2876 iam
850 2824 964 2878 cuiusvis
991 2823 1115 2889 doctoris,
1140 2825 1284 2878 Marcionis

218 2922 335 2980 sumpta:
354 2913 481 2975 Τατιανὸς
497 2913 528 2962 δέ
538 2952 544 2964 .
555 2949 563 2964 .
574 2949 580 2963 .
600 2913 724 2978 μαθητὴς
777 2921 839 2978 puta
853 2920 898 2962 aut
908 2909 1037 2975 Basilidis,
1047 2926 1148 2963 errores
1159 2910 1285 2979 perstrin-

219 2996 360 3050 Ἰουστίνου
373 3001 420 3047 τοῦ
432 2999 569 3062 μάρτυρος,
582 2999 634 3062 οὐχ
646 2999 724 3060 ὅμοια
778 3004 883 3063 guntur,
902 2993 949 3046 sed
964 3010 1115 3064 anonymus
1130 2994 1175 3046 ille
1190 2995 1285 3065 vulgus

218 3087 255 3146 τῷ
284 3081 437 3146 διδασκάλῳ
468 3083 623 3150 ἐφρόνησεν,
652 3081 724 3132 ἀλλὰ
778 3079 928 3149 depingitur
955 3078 998 3149 qui
1024 3079 1096 3130 velut
1124 3078 1284 3131 substratum

219 3167 298 3216 καινοί
306 3181 364 3216 τινα
375 3167 554 3234 ἐπιχειρήσας,
562 3167 614 3235 ἔφη
626 3168 724 3228 αἰῶνας
778 3163 914 3233 gnosticae
929 3173 1015 3215 sectae
1031 3161 1175 3226 constituit,
1189 3162 1217 3214 in
1232 3177 1285 3232 quo

218 3251 290 3312 τινας
313 3250 443 3313 ἀσροίτους
467 3247 564 3314 ὁμοίως
588 3254 643 3312 τοῖς
670 3252 724 3301 ἀπὸ
779 3248 977 3318 antiquissimae
1007 3263 1125 3318 quaeque
1149 3264 1179 3300 ac
1203 3247 1284 3300 etiam

221 3335 395 3388 Οὐαλεντίνου
405 3336 605 3400 μυθολογήσας.
636 3337 724 3400 Γάμον
778 3331 885 3385 Christo
896 3333 1017 3402 praeviae
1023 3331 1159 3385 doctrinae
1170 3349 1230 3384 cum
1237 3348 1284 3384 no·

221 3422 251 3470 di
261 3420 365 3485 φθοράν
378 3424 445 3471 εἰναι
453 3420 644 3486 παραπλησίως
653 3421 726 3484 Μαρ-
779 3416 819 3470 vis
844 3417 993 3470 adinventis
1013 3415 1216 3487 permiscentur:
1242 3416 1284 3468 bic

220 3501 389 3570 κίωνιλὲγιι.
425 3507 477 3556 Τὸν
488 3507 518 3556 δὲ
531 3505 618 3570 Ἀδάμ
628 3507 741 3570 φάσκειν
779 3501 896 3554 maxime
921 3501 1061 3554 aestimare
1090 3500 1150 3554 licet
1178 3499 1285 3555 effectus

220 3591 255 3654 μὴ
275 3589 419 3652 σώζεσθαι,
435 3591 518 3640 διὰτὸ
537 3591 658 3656 ἀρχηγὸν
676 3605 726 3640 πα·
779 3586 923 3639 collisionis
956 3585 1091 3639 doctrinae
1128 3585 1287 3639 christianae

222 3677 320 3742 ρακοῆς
338 3675 485 3738 γεγονέναι.
781 3687 841 3723 cum
872 3670 974 3740 placitis
1002 3669 1137 3741 religionis
1162 3670 1287 3740 parsicae‚

255 3757 298 3824 (a)
317 3754 371 3810 cfr.
387 3773 464 3826 supra
483 3773 550 3827 quae
572 3756 605 3809 de
630 3757 727 3828 Carpo·
781 3771 897 3825 assyrae,
921 3771 1040 3825 graecae,
1071 3754 1210 3825 aegyptiae
1237 3765 1287 3806 etc.

221 3840 344 3893 cratianis
363 3856 395 3892 ex
418 3839 558 3893 Clemente
582 3841 727 3906 hausimus,
781 3855 892 3909 quarum
911 3839 1042 3908 permulta
1061 3839 1186 3908 dogmata
1205 3849 1231 3890 et
1250 3835 1288 3889 sa·
1397 3869 1400 3874 ,

221 3941 279 3996 pag.
299 3923 360 3992 263,
375 3936 431 3978 not.
450 3939 472 3978 t.
781 3923 858 3976 bulae
870 3923 898 3975 in
910 3923 950 3976 his
964 3933 1110 3992 supersunt.
1148 3921 1223 3974 Fides
1236 3921 1289 3973 lre-

256 4010 297 4077 (γ)
309 4008 356 4062 His
366 4008 727 4080 postremiscapitibusxxtx·
782 4008 841 4060 naei
860 4011 888 4060 in
906 4008 948 4060 his
962 4007 1139 4061 describendis
1154 4018 1289 4077 perspecta

220 4107 290 4146 xxxi
303 4110 363 4163 pars
372 4093 450 4145 huius
462 4093 521 4146 libri
531 4092 641 4146 fortasse
654 4109 727 4163 prae·
782 4105 820 4146 est
840 4105 869 4146 ut
888 4110 920 4146 ex
941 4091 1097 4163 fragmentis
1124 4108 1190 4163 quae
1210 4091 1288 4144 subii-

220 4177 296 4247 cipua
316 4178 439 4231 habetur:
465 4177 492 4230 in
517 4177 558 4230 his
582 4179 654 4231 enim
673 4194 728 4231 non
782 4178 865 4231 cimus
879 4177 982 4230 abunde
997 4188 1114 4230 constat:
1135 4192 1220 4246 neque
1238 4174 1288 4228 mi·

294 4391 347 4432 acar.
362 4389 428 4432 aaut
445 4389 499 4432 aaa.
515 4390 569 4444 (ser.
580 4391 611 4442 11)
626 4391 665 4432 ru.
1182 4373 1217 4426 18
