3172 5044
261 451 263 456 .
348 411 388 475 34
761 411 1000 456 pnotuoounun

345 610 465 709 primo
484 609 744 708 Syntagmate,
768 627 853 707 post
872 610 1028 684 multum
1048 611 1230 708 temporis
1251 613 1415 710 exscrip-

345 734 445 822 serit,
462 736 632 832 haecque
642 733 904 832 plusminusve
919 761 1004 808 cum
1014 734 1216 833 praedictis
1231 737 1416 835 capitibus

346 867 461 957 (quae
479 860 579 956 apud
608 858 756 948 criticos
788 859 832 931 Ir.
869 859 1089 956 Catalogum
1116 860 1290 958 audiunt)
1320 887 1412 935 con-

346 985 518 1067 sensisse,
549 983 668 1056 auctis
696 1007 744 1056 ex
773 982 852 1066 illis,
883 1008 979 1079 quae
1008 983 1057 1056 de
1085 984 1297 1057 huiusmodi
1320 985 1416 1082 Syn·

346 1122 514 1206 tagmate
534 1107 970 1205 pseudo-Tertullianum
987 1110 1108 1204 (Ado.
1130 1109 1251 1193 huam
1274 1111 1416 1207 Corpus

349 1235 485 1330 Scrzpt.
498 1235 585 1306 Lat.
598 1232 769 1325 XLVII),
789 1233 1024 1307 Philastrium
1037 1235 1096 1329 (de
1105 1233 1239 1331 baon),
1253 1234 1416 1332 Epipha-

348 1359 449 1432 nium
479 1358 682 1455 sumpsisse
712 1374 868 1432 constat.
927 1359 1033 1431 Haec
1061 1359 1174 1432 etiam
1194 1360 1416 1457 hypothesis

347 1485 495 1557 iuvatur
522 1483 737 1556 testimonio
766 1482 887 1557 Photii
915 1483 978 1580 qui
1007 1484 1028 1554 I.
1052 1509 1082 1556 c.
1104 1484 1261 1557 totidem
1290 1485 1417 1558 verbis

347 1607 493 1681 scribit:
520 1614 670 1698 Ilubnrhg
693 1615 725 1676 δὲ
749 1613 909 1699 Εἰρηνσίου
932 1615 949 1678 ὁ
973 1613 1168 1696 ’Icadium
1193 1618 1212 1700 ἡ
1236 1617 1269 1678 δὲ
1292 1619 1326 1680 τὸ
1349 1617 1418 1680 σὺν·

345 1761 448 1822 ταγμα
536 1739 754 1824 διαλαμβάνων,
784 1739 893 1816 ταύτας
909 1737 942 1802 δέ
963 1761 1036 1824 φησι
1058 1738 1206 1826 ἐλέγχους
1232 1741 1417 1827 ὑποβλήθειν

346 1863 558 1946 ὁμιλοῦντος
582 1863 791 1949 Εἰρηναιόυ.
846 1858 972 1932 Aucta
1001 1858 1138 1932 exinde
1158 1884 1225 1932 sua
1245 1861 1292 1933 de
1313 1861 1416 1934 Gno-

345 1979 446 2052 sticis
465 1979 621 2054 scientia
638 1999 792 2079 uterque
808 1983 949 2056 maiora
965 1982 1114 2056 molitus
1128 2000 1200 2056 est:
1218 1985 1263 2056 Ir.
1280 2009 1415 2082 nempe

346 2108 508 2196 Ἐλὲγχον,
528 2106 757 2204 Hippolytus
773 2133 862 2180 vero
878 2108 1164 2200 Rcfutatz‘onem.
1211 2107 1329 2206 Igitur
1344 2110 1415 2183 hae

345 2247 472 2327 partes
491 2232 641 2306 ethaeo
661 2247 832 2330 tempora
860 2233 895 2305 in
919 2234 945 2305 Ι.
968 2232 1047 2305 libri
1078 2234 1332 2307 adstructione
1361 2235 1413 2307 di-

345 2355 485 2453 stingui
502 2373 673 2453 possunt:
698 2352 734 2458 ι)
752 2357 993 2454 Compositus
1014 2357 1221 2456 Catalogus
1241 2361 1341 2456 (cap.
1359 2358 1415 2431 XI

345 2494 383 2551 et
399 2479 712 2575 XXII-XXVII).
766 2506 797 2554 2.
816 2483 963 2556 Auctus
978 2481 1189 2556 huiusmodi
1207 2483 1415 2582 Catalogus

345 2627 393 2674 ex
403 2603 638 2677 documentis
650 2604 836 2701 Ophiticis
848 2605 895 2678 de
908 2606 1042 2703 quibus
1054 2631 1142 2679 mox
1152 2603 1250 2710 (cap.
1265 2607 1417 2680 XXIX-

347 2725 509 2824 XXXI).
564 2753 597 2821 3.
616 2729 733 2802 Marci
750 2729 959 2826 (XI-XIV)
975 2746 1012 2802 et
1028 2729 1232 2804 Ptolemaei
1248 2731 1414 2828 (I-VIII)

346 2867 550 2946 systemata
578 2854 814 2950 investigata,
848 2870 1030 2936 enarrata,
1062 2855 1301 2952 breviterque
1329 2881 1416 2953 per-

346 2975 473 3048 stricta
503 2977 602 3074 (cap.
634 2978 760 3060 IX-X;
793 3003 872 3074 cap.
905 2978 1117 3076 XIV-XX).

425 3100 523 3173 Hinc
552 3103 665 3174 etiam
707 3103 802 3175 ratio
842 3103 1012 3175 redditur
1039 3128 1114 3188 cur,
1159 3104 1231 3177 etsi
1272 3104 1416 3202 primus

344 3223 438 3296 liber
465 3240 566 3298 totus
596 3227 869 3322 impendendus
897 3243 999 3300 esset
1031 3227 1267 3312 enarrationi,
1299 3253 1415 3326 saepe

345 3362 471 3421 tamen
500 3351 674 3424 refutatio
689 3353 890 3448 (separatis
910 3351 1077 3449 partibus
1097 3353 1169 3425 iam
1185 3353 1414 3452 adhaerens)

344 3473 467 3546 locum
488 3494 656 3572 occupet.
707 3476 887 3550 Caeteros
906 3493 1032 3551 autem
1048 3477 1171 3562 libros,
1190 3478 1415 3576 quibusdam

343 3599 472 3693 paucis
506 3601 684 3700 exceptis
720 3628 768 3674 ex
797 3602 946 3700 integro
983 3603 1174 3676 conlectos
1209 3629 1294 3677 esse
1329 3629 1415 3702 pro-

343 3722 542 3818 grediente
570 3741 750 3823 tempore,
784 3751 858 3800 non
887 3742 944 3800 est
977 3726 1142 3800 dubium.

10 4617 114 5020 t
