3238 5090
320 399 384 482 460
596 417 736 494 'annuant
759 417 919 464 abstersus
942 417 1098 464 naereses
1181 414 1305 484 [xxxin
1335 429 1388 478 2-4

318 625 348 673 et
364 607 544 690 artificialia,
560 633 638 698 quae
657 612 752 676 etiam
768 610 806 676 ab
824 610 974 676 omnibus
990 609 1071 676 bona
1091 609 1312 697 approbantur,
1332 633 1389 676 ne-

316 734 472 800 quaquam
500 714 701 780 iuveniuntur
724 715 829 781 conati
856 715 965 782 facere.
1013 715 1044 780 Si
1070 717 1157 784 enim
1183 732 1307 802 oportet
1330 737 1388 802 per

317 841 412 884 omne
423 842 513 906 opus,
526 837 556 886 et
567 843 621 908 per
631 822 812 888 universam
824 823 868 888 ire
883 823 1118 910 operationem3
1136 823 1241 909 primo
1256 819 1387 908 quidem

316 924 478 1012 oportebat
498 949 609 994 omnes
629 951 661 993 se
680 927 818 996 ediscere
837 943 929 1010 artes,
944 950 1160 1016 quaecumque
1179 928 1250 994 illae
1268 929 1337 994 sive
1353 928 1388 992 in

316 1053 502 1098 sermonum
521 1031 704 1116 rationibus,
724 1035 791 1100 sive
810 1035 843 1100 in
862 1031 1009 1122 operibus
1029 1050 1301 1112 consummantur,
1317 1033 1387 1099 sit-'e

315 1159 369 1224 per
392 1139 617 1206 continentiam
640 1139 821 1222 edocentur,
845 1155 875 1206 et
899 1162 953 1228 per
976 1139 1128 1221 laborem,
1152 1157 1182 1206 et
1206 1139 1388 1206 meditatio-

314 1265 400 1323 nem,
423 1261 453 1310 et
477 1248 737 1332 perseverantiam
761 1248 987 1334 percipiuntur;
1007 1262 1041 1312 ut
1063 1263 1137 1334 puta
1160 1268 1289 1312 omnem
1314 1269 1387 1333 spe·

315 1349 394 1416 ciem
420 1353 568 1435 musicae,
587 1369 617 1418 et
636 1354 889 1441 computationis,
913 1369 944 1418 et
966 1354 1168 1441 geometriae,
1191 1369 1222 1418 et
1240 1373 1388 1419 astrono-

316 1458 407 1540 miae,
423 1475 454 1524 et
472 1459 616 1526 universa
634 1483 713 1549 quae
732 1461 764 1526 in
783 1482 968 1526 sermonum
987 1459 1160 1525 rationibus
1179 1475 1384 1547 occupantur:

315 1563 414 1630 adhuc
439 1567 534 1631 etiam
558 1566 746 1633 medicinam
763 1567 954 1647 universam,
973 1582 1003 1631 et
1019 1564 1187 1632 herbarum
1206 1567 1383 1646 scientiam,

315 1687 345 1737 et
368 1695 420 1738 eas
436 1695 513 1760 quae
529 1670 567 1739 ad
587 1674 720 1740 salutem
744 1673 914 1740 humanam
935 1690 1008 1740 sunt
1026 1671 1214 1752 elaboratae3
1235 1689 1265 1739 et
1283 1673 1387 1760 pictu-

316 1801 394 1858 ram,
411 1795 441 1844 et
456 1795 629 1846 statuarum
648 1780 895 1860 fabricationem,
912 1796 943 1846 et
958 1779 1106 1846 aerariam
1124 1796 1234 1862 artem,
1250 1795 1280 1844 et
1298 1802 1386 1846 mar-

316 1885 496 1965 moratium,
520 1901 551 1951 et
578 1885 697 1952 similes
721 1885 785 1951 his:
810 1883 847 1952 ab
874 1885 922 1950 his
946 1901 1051 1950 autem
1082 1907 1214 1950 omnem
1244 1887 1382 1973 speciem

316 1991 535 2073 rusticationis,
551 2009 581 2058 et
604 1993 817 2073 veterinariae,
834 2008 864 2060 et
882 1990 1055 2080 pastoraliS,
1071 2009 1102 2057 et
1122 1989 1271 2078 opificum
1289 2009 1384 2073 artes,

315 2119 394 2185 quae
409 2097 554 2165 dicuntur
569 2101 755 2186 pertransire
772 2101 933 2166 universas
949 2099 1081 2178 artes,(¹l
1098 2115 1129 2164 et
1144 2121 1197 2164 eas
1211 2121 1291 2187 quae
1309 2121 1384 2186 erga

315 2225 402 2268 mare
417 2219 537 2284 vacant,
552 2222 582 2270 et
599 2207 721 2293 corpori
738 2204 872 2286 student,
880 2205 913 2258 (²)
927 2221 957 2270 et
971 2205 1158 2286 venatorias,
1174 2222 1204 2270 et
1219 2205 1383 2286 militares,

315 2325 344 2373 et
365 2310 492 2396 regaleS,
509 2330 539 2378 et
558 2327 712 2400 quotquot
728 2329 811 2392 sunt,
826 2333 959 2400 quarum
979 2333 1036 2376 nec
1052 2309 1219 2392 decimam,
1235 2333 1293 2376 nec
1310 2309 1384 2376 mil-

315 2414 458 2482 lesimam
483 2433 601 2504 partem
626 2419 659 2482 in
682 2433 746 2483 tota
769 2419 832 2483 vita
853 2441 908 2483 sua
932 2415 1126 2482 elaborantes
1149 2415 1286 2482 ediscere
1308 2439 1384 2504 pos·

315 2536 396 2586 sunt.
444 2521 482 2587 Et
507 2521 621 2588 horum
645 2521 772 2609 quidem
800 2522 878 2588 nihil
905 2538 1057 2588 conantur
1080 2519 1249 2600 addiscere,
1271 2521 1325 2609 qui
1349 2523 1383 2588 iu

314 2628 403 2694 omni
426 2626 533 2694 dicunt
552 2630 739 2716 semetipsos
763 2645 907 2715 oportere
932 2628 998 2694 fieri
1024 2649 1127 2714 opere,
1144 2625 1181 2694 ad
1205 2626 1382 2714 voluptates

313 2751 430 2813 autem,
447 2750 476 2799 et
492 2734 663 2816 libidinem,
678 2751 708 2800 et
726 2735 827 2822 turpia
847 2733 926 2801 facta
941 2732 1156 2820 detergentes,
1173 2756 1190 2798 a
1206 2735 1382 2820 semetipsis

313 2840 436 2907 iudicati
449 2865 546 2928 quum
561 2841 814 2922 sint,secundum
826 2839 1001 2908 doctrinam
1016 2863 1121 2922 suan13
1133 2841 1283 2927 quoniam
1295 2841 1381 2906 enim

313 2946 424 3012 desunt
440 2948 484 3013 eis
500 2971 578 3036 quae
597 2947 750 3035 praedicta
767 2963 838 3012 sunt
857 2947 976 3028 omnia,
991 2945 1030 3012 ad
1046 2946 1381 3033 correptionem'ignis

313 3050 451 3118 adibunt.
493 3053 560 3134 Qui
579 3052 705 3140 quidem
725 3053 851 3139 Epicuri
870 3050 1113 3138 philosophiam,
1132 3067 1163 3116 et
1182 3051 1379 3137 Cynicorum

313 3157 555 3224 indifferentiam
574 3159 776 3240 aemulantes,
795 3158 900 3224 lesum
920 3157 1106 3246 magistrum
1124 3157 1309 3245 gloriantur,
1324 3159 1381 3243 qui

311 3287 377 3330 non
394 3265 497 3330 solum
511 3265 631 3330 amalis
648 3263 792 3352 operibus
807 3265 919 3330 avertit
934 3262 1204 3351 suosdiscipulOS,
1218 3260 1377 3329 sedetiam

313 3395 329 3436 a
346 3369 543 3437 sermonibus
563 3388 594 3436 et
612 3368 866 3458 cogitationibus,
881 3367 1151 3457 quemadmodum
1171 3367 1377 3436 ostendimus.

381 3499 409 3564 3.
435 3477 537 3568 [WH.
555 3477 675 3556 XLIX,
695 3477 739 3566 2].
786 3477 934 3543 Dicentes
954 3493 1070 3558 autem,
1087 3499 1120 3541 se
1136 3499 1174 3540 ex
1189 3473 1298 3541 eadem
1318 3475 1379 3541 cir-

312 3585 502 3651 cumlatione
521 3609 594 3651 cum
618 3586 688 3651 lesu
712 3583 825 3650 habere
845 3585 976 3664 animas,
996 3600 1026 3650 et
1045 3583 1164 3652 similes
1180 3585 1209 3649 ei
1227 3605 1306 3663 esse,
1323 3581 1379 3648 ali·

311 3691 435 3780 quando
451 3710 555 3759 autem
575 3708 605 3757 et
625 3691 822 3773 netimeas)
838 3690 875 3758 ad
899 3714 993 3779 opera
1012 3689 1156 3778 producti
1175 3713 1254 3779 quae
1272 3689 1324 3756 ille
1339 3689 1378 3756 ad

310 3793 475 3866 utilitatem
500 3800 667 3865 hominum
698 3815 728 3864 et
760 3798 944 3865 firmitatem
976 3797 1058 3879 fecit,
1082 3814 1113 3863 et
1136 3796 1212 3864 nihil
1236 3797 1297 3866 tale
1320 3819 1378 3862 nec
1404 3789 1410 3796 ’

347 3971 388 4037 (1)
407 3970 522 4023 Hanvar
537 3979 612 4034 putat
627 3969 670 4022 hic
686 3969 817 4022 redditum
909 3970 949 4036 (3)
969 3967 1024 4021 Csr.
1053 3967 1074 4033 l,
1102 3981 1169 4031 xxv,
1197 3981 1211 4020 2
1236 3967 1275 4036 (p.
1296 3965 1375 4035 262):

309 4057 358 4122 τὴν
377 4053 617 4121 ἑγκυκλοπαιδεὶαν
636 4058 771 4120 διαπερᾶν.
872 4053 1022 4123 producti:
1040 4055 1205 4120 παρηγμίνοι
1223 4067 1269 4104 seu
1285 4061 1378 4122 protu-

347 4140 390 4206 (2)
402 4139 462 4192 Scil.
474 4142 653 4207 γυμναστικός
665 4137 816 4206 (llantur).
871 4139 930 4190 cati.
