3288 5060
367 473 455 558 246·
653 491 781 538 ianuam
804 473 964 536 abversus
987 489 1142 536 naereses
1254 483 1430 556 [xx111‚1-2

362 686 515 775 Spiritum
546 701 700 766 sanctum,
729 683 847 751 audivit
870 707 888 750 a
911 683 1022 750 Petro:
1050 682 1213 750 «Pecunia
1246 697 1298 748 tua
1323 700 1430 748 tecum

365 821 381 856 a
396 793 436 859 sit
446 793 477 858 in
494 790 712 879 perditionem,
723 791 874 878 quoniam
887 789 1009 856 donum
1024 788 1084 856 Dei
1099 789 1284 856 existimasti
1300 788 1431 875 pecunia

369 924 385 962 «
396 896 568 986 possideri:
592 920 657 963 non
680 915 727 963 est
745 894 801 962 tibi
817 918 898 983 pars,
922 917 1022 982 neque
1046 917 1115 961 sors
1134 895 1166 960 in
1182 916 1329 960 sermone
1348 892 1430 960 hoc:

365 1027 452 1072 «cor
481 1005 567 1072 enim
599 1021 690 1070 tuum
718 1025 783 1070 non
814 1019 861 1069 est
883 1020 1005 1069 rectum
1032 1023 1141 1070 coram
1171 1002 1253 1068 Deo.
1299 1001 1334 1068 In
1359 999 1431 1067 felle

364 1139 380 1174 a
396 1112 481 1178 enirn
494 1109 720 1192 amaritudinis,
736 1127 767 1176 et
779 1107 969 1197 obligatione
987 1109 1155 1175 iniustitiae
1169 1107 1260 1176 video
1275 1125 1305 1174 te
1319 1129 1388 1174 esse
1400 1134 1429 1172 a.

362 1219 400 1284 Et
423 1241 523 1307 quum
546 1215 645 1284 adhuc
669 1217 770 1305 magis
793 1239 858 1282 non
876 1214 1057 1283 credidisset
1080 1215 1163 1294 Deo,
1182 1231 1212 1280 et
1232 1213 1362 1302 cupidus
1381 1215 1431 1279 in-

361 1323 459 1391 tendit
482 1322 670 1391 contendere
692 1322 841 1390 adversus
863 1323 1034 1411 apostoloS,
1058 1323 1103 1388 uti
1126 1338 1157 1388 et
1181 1317 1247 1409 ipse
1271 1320 1430 1408 gloriosus

359 1430 517 1497 videretur
532 1453 611 1512 esse,
627 1447 658 1496 et
673 1429 853 1495 universam
870 1429 1025 1516 magicam
1040 1427 1140 1495 adbuc
1156 1427 1291 1515 amplius
1307 1428 1431 1493 inscru-

361 1554 440 1619 tans,
464 1538 505 1603 ita
528 1552 562 1602 ut
585 1537 618 1602 in
642 1552 803 1623 stuporem
827 1550 953 1623 cogeret
977 1534 1095 1601 multos
1110 1532 1295 1600 hominum:
1314 1535 1429 1621 quippe

361 1666 459 1732 quum
478 1659 560 1710 esset
579 1643 637 1709 sub
661 1641 794 1712 Claudio
812 1641 957 1724 Caesare,
977 1665 995 1707 a
1012 1664 1076 1730 quo
1093 1642 1187 1706 etiam
1208 1657 1306 1706 statua
1326 1640 1430 1706 hono-

359 1766 444 1816 ratus
461 1771 529 1816 esse
545 1747 656 1815 dicitur
680 1764 806 1836 propter
830 1746 1032 1834 magicam.(¹)
1077 1746 1136 1812 Hic
1161 1746 1255 1834 igitur
1278 1769 1295 1814 a
1319 1744 1428 1810 multis

360 1856 447 1944 quasi
471 1853 547 1922 deus
570 1853 762 1943 glorificatus
784 1870 842 1936 est,
865 1869 897 1920 et
919 1852 1025 1920 docuit
1048 1853 1252 1941 semetipsum
1275 1875 1343 1918 esse
1373 1851 1427 1939 qui

360 1965 440 2030 inter
462 1962 594 2031 ludaeos
624 1961 753 2050 quidem
780 1961 869 2050 quasi
900 1960 997 2026 Pilius
1021 1961 1206 2047 apparuerit,
1230 1959 1262 2025 in
1286 1958 1426 2026 Samaria

360 2085 464 2135 autem
495 2069 583 2157 quasi
610 2069 701 2135 Pater
730 2065 935 2148 descenderit,
960 2067 993 2131 in
1016 2066 1141 2154 reliquis
1173 2087 1250 2131 vero
1281 2061 1426 2152 gentibus

358 2176 447 2263 quasi
464 2175 595 2262 Spiritus
611 2189 736 2240 sanctus
760 2173 981 2240 adventaverit.
993 2172 1027 2226 (¹)
1064 2172 1140 2238 Esse
1157 2188 1261 2238 autem
1282 2194 1315 2236 se
1330 2168 1429 2236 subli-

360 2282 536 2348 missimam
552 2282 711 2360 virtutem,
731 2279 791 2346 hoc
806 2296 852 2346 est
867 2301 941 2346 eum
956 2280 1010 2368 qui
1030 2280 1069 2346 sit
1086 2301 1179 2366 super
1196 2280 1303 2344 omnia
1322 2277 1426 2356 Pater,

359 2405 390 2455 et
412 2390 563 2455 sustinere
586 2388 690 2454 vocari
725 2410 758 2454 se
780 2386 1001 2477 quodcumque
1025 2409 1098 2454 eum
1129 2403 1244 2452 vocant
1267 2385 1425 2452 homines.

428 2513 457 2560 2.
482 2493 593 2562 Simon
610 2510 714 2560 autern
734 2493 956 2573 Samaritanus,
973 2515 1010 2558 ex
1022 2515 1086 2580 quo
1103 2493 1266 2558 universae
1282 2490 1425 2558 haereses

394 2697 498 2767 (1)Sub
508 2697 620 2750 Claudio
629 2697 863 2765 Caesare(4r-54)

357 2782 494 2836 Simonem
507 2781 626 2836 floruisse
639 2795 665 2835 et
678 2781 784 2852 quidem
795 2781 863 2834 circa

271 2899 273 2904 ,
358 2885 381 2920 a.
397 2880 482 2933 52-54
498 2865 613 2920 Romam
629 2867 732 2920 venisse
745 2867 864 2937 complu-

330 2985 331 2988 =
357 2952 431 3004 rimis
444 2951 576 3004 historicis
588 2953 722 3021 probatur.
759 2950 815 3004 Cir.
830 2951 863 3004 ad

357 3037 467 3089 uerbum
486 3048 512 3089 et
531 3035 634 3088 lustru.
654 3036 670 3089 l.
690 3054 711 3089 c.
727 3037 783 3104 (cui
797 3054 862 3089 num

357 3120 437 3172 etiam
449 3119 532 3172 Frav.
544 3119 629 3190 Antip.
643 3119 703 3184 XX,
714 3135 739 3188 7,
752 3121 862 3190 iungen-

356 3203 404 3256 dus
414 3203 456 3268 sit,
467 3220 521 3256 non
532 3205 657 3271 constat),
687 3203 788 3257 lbidem
799 3221 862 3257 vero

355 3299 441 3341 statua
455 3288 616 3341 honoratum
629 3305 686 3342 esse
699 3289 766 3342 bene
775 3289 862 3359 plures

356 3372 507 3444 denegant:
540 3384 775 3443 commentumque
805 3389 862 3426 esse

356 3457 498 3527 opinantur
517 3458 610 3511 Iustini
623 3459 666 3528 qui
686 3459 756 3512 male
768 3459 862 3530 legerit

355 3541 554 3612 inscriptionem
574 3557 674 3595 salioru
696 3558 786 3596 sanco
807 3558 861 3596 oro

355 3640 440 3690 storo,
468 3626 526 3679 Deo
552 3626 656 3680 cuidam
684 3623 796 3681 Sabinae
823 3629 862 3680 di-

355 3720 451 3760 catam.

390 3795 432 3860 (2)
447 3791 519 3846 Haec
531 3795 629 3847 summi
642 3796 774 3849 momenti
787 3807 859 3850 sunt:

354 3877 401 3929 sub
425 3878 551 3948 apostolis
570 3881 642 3932 enim
666 3881 797 3934 exstitisse
822 3881 861 3933 di-

354 3960 421 4013 citur
434 3961 477 4031 qui
493 3960 586 4024 Patris,
600 3962 658 4016 Filii
671 3975 696 4016 et
709 3963 820 4034 Spiritus
839 3982 860 4017 s.

353 4055 463 4098 naturae
473 4045 603 4098 unitatem
615 4047 642 4098 in
649 4063 726 4099 suurn
734 4048 859 4118 placitum

353 4127 520 4199 detorqueret
532 4130 635 4200 (utique
645 4131 789 4185 sabelliano
802 4149 859 4186 nro-

352 4211 402 4276 re).
439 4211 575 4266 Sententia
585 4230 680 4285 graeca
694 4215 727 4268 lr.
738 4232 752 4268 a
765 4213 860 4270 Tirso-

918 2715 983 2754 oon.
1003 2699 1095 2770 (Haer.
1119 2699 1182 2754 Fab.
1207 2699 1227 2766 I,
1250 2701 1275 2766 ι)
1297 2713 1425 2754 senatur.

918 2787 972 2838 rtet
981 2783 1121 2848 Ἰουδαίοις
1132 2787 1180 2850 μὲν
1190 2787 1226 2848 ὡς
1236 2787 1291 2836 ὑιον
1301 2791 1425 2852 φανῆναι,

918 2873 983 2934 πρὸς
997 2871 1027 2921 at
1040 2867 1203 2935 Σαμαρείτας
1217 2871 1252 2932 ὡς
1264 2872 1367 2935 πατέρα
1378 2886 1425 2921 κα-

917 2956 1105 3022 τεληλυθέναι,
1134 2957 1163 3008 ὒν
1190 2957 1221 3007 bl
1249 2959 1303 3018 τοῖς
1331 2957 1425 3018 ἄλλοις

918 3037 1008 3108 [Hipp.
1027 3038 1141 3108 λοιποῖς]
1156 3040 1261 3092 ἔθνεσιν
1275 3042 1311 3102 ὡς
1323 3039 1426 3103 πνεῦμα

917 3127 993 3189 ἅγιον
1017 3127 1193 3194 ἐπιφοιτῆοαι.
1230 3122 1310 3176 Hisce
1327 3123 1426 3175 similia

916 3207 1029 3260 Hnrot.
1045 3207 1122 3274 (Phil.
1136 3205 1182 3271 VI,
1198 3208 1242 3275 ιο)
1259 3206 1368 3259 includit
1384 3209 1425 3259 in-

915 3305 957 3346 ter
975 3292 1055 3345 haec:
1074 3295 1187 3345 Ἑαυτὸν
1203 3294 1234 3344 δὲ
1252 3294 1340 3358 λέγων
1359 3293 1426 3357 ὑπὲρ

915 3381 1001 3430 πάντα
1015 3379 1122 3442 δύναμιν
1135 3381 1246 3430 εἶναι...
1271 3379 1425 3442 ‘inopinata

917 3463 947 3514 tl
960 3463 1041 3514 αὑτὸν
1052 3461 1197 3514 καλεῖσθαι
1209 3465 1256 3528 οἴῳ
1269 3463 1301 3513 ἀν
1315 3463 1426 3526 ὀνόματι

915 3547 1009 3598 καλεῖν
1043 3547 1189 3612 βούλωνται
1222 3549 1247 3597 οἱ
1275 3547 1424 3615 ἅνθρωποι.

916 3628 1424 3701 Cfr.quoqueCrnnt.Htanos.Catecb.

921 3713 967 3778 Vl,
981 3729 1011 3779 14
1022 3738 1039 3759 =
1048 3714 1090 3768 Ps.
1104 3715 1230 3767 Auousr.
1244 3712 1389 3767 Debueras.
1403 3713 1423 3766 I.

915 3796 1009 3868 Epiph.
1019 3809 1110 3851 tamen
1120 3810 1207 3868 partes
1217 3797 1328 3868 Spiritus
1338 3798 1423 3851 sancti

915 3883 1033 3937 Helenae
1051 3883 1178 3948 attribuit,
1197 3895 1288 3953 utpote
1303 3899 1371 3954 quae
1387 3881 1400 3935 s
1413 3913 1424 3923 ·

914 3967 988 4020 mina
1007 3967 1055 4032 sit;
1069 3966 1113 4020 csr.
1130 3979 1155 4021 et
1168 3965 1254 4021 Terta.
1270 3967 1310 4020 De
1322 3984 1363 4020 an.
1381 3982 1422 4036 34.

914 4049 1002 4104 Habes
1020 4050 1063 4103 hic
1083 4050 1162 4103 etiam
1183 4051 1366 4104 testimonium
1389 4053 1424 4104 de

914 4133 1247 4204 divinitateChristiquem
1257 4134 1423 4206 magusimi·

913 4218 965 4271 tari
984 4220 1135 4272 conabatur.
