3288 5060
223 431 311 498 ll'lll,
335 431 453 500 11-12).]
649 432 737 478 tinen
763 432 877 478 PRlMUS
1234 431 1293 496 199

223 627 312 712 ρητος
323 625 408 692 enim
421 647 540 691 nomen
552 625 657 691 literas
670 622 760 690 habet
772 626 805 691 in
817 647 850 690 se
864 641 995 712 septem,
1004 625 1138 711 Σειγήῡ)
1147 626 1295 713 quinque,

223 750 254 799 et
273 732 380 818 Πατήρ
397 731 535 819 quinque
554 747 584 796 et
601 731 755 816 Ἀλήθεια
771 750 824 812 vn,
843 753 923 819 quae
942 733 1119 818 composita
1134 732 1166 797 in
1184 754 1229 813 se,
1246 729 1294 797 bis

222 839 371 927 quinque,
383 854 414 904 et
427 835 473 903 bis
485 853 616 926 septem,
625 858 702 904 xxrv
715 861 885 905 numerum
897 837 1156 926 adimpleverunt.
1200 839 1295 905 Simi-

223 945 293 1012 liter
315 960 346 1010 et
370 943 505 1012 secunda
534 946 730 1032 quaternatio
760 945 867 1032 Logos
895 961 925 1011 et
956 945 1029 1026 Zoe,
1054 944 1238 1033 Anthropos
1264 963 1295 1012 et

224 1051 362 1119 Ecclesia
385 1050 534 1118 eumdem
557 1073 726 1118 numerum
750 1051 980 1119 elementorum
997 1051 1209 1118 ostenderunt.
1257 1053 1295 1118 Et

224 1159 394 1228 Salvatoris
424 1180 550 1246 quoque
581 1158 731 1225 narrabile
761 1181 880 1224 nomen
905 1157 1023 1244 Ἰησοῦς
1057 1158 1217 1225 literarum
1248 1177 1295 1226 est

223 1287 293 1345 sex3
317 1263 522 1331 inenarrabile
546 1283 650 1332 autem
678 1267 755 1348 eius,
780 1266 942 1331 literarum
966 1267 1078 1354 viginti
1109 1285 1253 1355 quatuor.
1262 1268 1295 1319 (²)

222 1373 293 1450 Υἱὸς
310 1370 459 1457 Χρειστός
478 1373 638 1439 literarum
654 1393 713 1452 xm
733 1371 819 1461 quod
838 1390 885 1439 est
904 1389 1008 1438 autem
1028 1374 1060 1439 in
1081 1373 1211 1440 Christo
1228 1375 1295 1439 ine-

223 1477 387 1561 narrabile,
406 1479 565 1546 literarum
590 1500 667 1546 xxx.
714 1480 753 1545 Et
771 1495 898 1568 propter
916 1479 978 1546 hoc
1001 1481 1043 1545 ait
1066 1503 1139 1546 eum
1161 1481 1187 1545 A
1206 1495 1238 1546 et
1253 1481 1293 1563 Ω,

223 1603 257 1652 ut
272 1592 447 1671 περιστερὰν
463 1586 651 1666 manifestet,
669 1609 769 1675 quum
785 1586 869 1652 hunc
888 1608 1056 1653 numerum
1082 1586 1192 1654 habeat
1217 1586 1294 1654 haec

222 1695 301 1760 avis.

292 1820 321 1866 2.
346 1799 450 1890 [WH.
481 1801 574 1880 VIII,
601 1800 665 1892 12].
720 1800 806 1867 Iesus
834 1817 939 1868 autem
967 1800 1047 1867 hanc
1075 1799 1167 1867 habet
1194 1801 1294 1889 inquit

222 1906 461 1974 inenarrabilem
486 1909 625 1996 genesin.
671 1909 699 1974 A
720 1924 818 1974 matre
838 1909 923 1973 enim
947 1909 1180 1989 universorum,
1197 1907 1228 1974 id
1247 1924 1293 1974 est

223 2015 343 2101 primae
359 2015 613 2102 quaternationis,
631 2016 662 2080 in
678 2012 759 2080 filiae
775 2014 880 2080 locum
898 2016 1050 2103 processit
1067 2013 1202 2081 secunda
1216 2037 1293 2102 qua-

223 2208 317 2292 Σειγὴ
336 2207 434 2290 πέντε,
451 2210 504 2272 καὶ
521 2208 538 2272 b
558 2207 664 2293 Πατὴρ
683 2207 781 2290 πέντε,
798 2212 851 2273 καὶ
869 2210 889 2293 ἡ
908 2206 1063 2292 Ἀλήθεια
1078 2209 1172 2273 ἑπτά·
1192 2210 1292 2272 ἃσυν-

222 2314 351 2379 τεθέντα
369 2317 418 2378 ἐπὶ
437 2319 470 2378 τὸ
489 2317 571 2397 αὐτὸ,
591 2318 628 2378 τὰ
646 2316 690 2392 δὶς
708 2313 806 2399 πέντε,
828 2317 879 2378 καὶ
897 2315 940 2392 δὶς
958 2315 1044 2392 ἑπτὰ,
1063 2320 1114 2380 τον
1137 2325 1195 2380 τῶν
1215 2315 1293 2380 εἰκο-

222 2419 405 2504 ατεσσάρων
419 2421 548 2506 ἀριθμὸν
563 2421 785 2506 ἀνεπλήρωσεν.
833 2421 990 2500 Ὡσαύτως
1010 2423 1111 2486 δὲκαὶ
1129 2423 1148 2508 ἡ
1168 2422 1292 2509 δευτέρα

221 2531 336 2613 τετρὰς,
360 2525 460 2612 Λόγος
482 2530 534 2592 καὶ
552 2527 633 2612 Ζωὴ,
653 2529 838 2613 Ἀνθρωπος
855 2532 908 2594 καὶ
928 2529 1109 2614 Ἐκκλησία,
1130 2534 1180 2594 τον
1203 2533 1292 2595 αὐτὸν

222 2633 420 2718 ἀριθμὸντῶν
431 2633 586 2717 στοιχείων
597 2632 759 2712 ἀνέδειξαν.
809 2637 870 2701 Καὶ
882 2638 915 2700 τὸ
931 2645 983 2699 τοῦ
998 2635 1139 2722 Σωτῆρος
1154 2636 1186 2700 δὲ
1203 2637 1292 2722 ῥητὸν

221 2743 317 2825 ὄνομα
339 2738 469 2826 Ἰησοῦς,
494 2741 678 2826 γραμμάτιον
707 2740 852 2825 ὑπάρχειν
875 2741 917 2822 ἓξ,
941 2747 975 2806 τὸ
997 2743 1030 2806 δὲ
1050 2745 1176 2829 ἄρρητον
1199 2746 1290 2808 αὐτοῦ

221 2847 404 2932 γραμμάτων
419 2847 678 2932 εἰκοσιτεσσάρων.
715 2848 784 2926 Υἱὸς
796 2849 953 2933 Χρειστὸς,
962 2851 1146 2935 γραμμάτων
1157 2847 1289 2913 altene·

221 2957 255 3016 rb
267 2954 300 3017 δὲ
316 2954 348 3016 ἐν
364 2953 486 3038 Χριστῷ
501 2954 639 3040 ἄρρητον,
656 2955 839 3040 γραμμάτων
851 2955 1019 3038 τριάκοντα.
1066 2955 1129 3020 Καὶ
1141 2955 1189 3018 διὰ
1203 2956 1291 3020 τοῦτό

221 3082 310 3144 φησιν
325 3061 415 3124 αὑτὸν
430 3083 450 3122 α
464 3063 515 3124 καὶ
530 3082 565 3142 ω,
581 3062 629 3125 ἵνα
643 3065 697 3145 τὴν
713 3064 888 3146 περιστερὰν
902 3061 1030 3146 μηνῢοη,
1049 3062 1152 3126 τοῦτον
1168 3063 1290 3146 ἔχοντος

220 3167 272 3226 τον
290 3163 420 3249 ἀριθμὸν
437 3163 543 3228 τούτου
561 3174 614 3227 τοῦ
633 3161 746 3248 ὀρνέου.

291 3287 320 3334 2.
346 3269 384 3335 ‘0
407 3269 440 3333 δὲ
463 3269 584 3354 Ἰησοῦς
605 3270 714 3354 ταύτην
736 3272 813 3354 ἔχει,
837 3271 920 3355 ρησὶ,
943 3274 997 3354 τὴν
1019 3271 1146 3356 ἄρρητον
1162 3269 1288 3356 γένεσιν.

222 3371 305 3441 Ἀπὸ
327 3379 386 3462 γὰρ
409 3387 461 3460 τῆς
484 3380 594 3462 μητρὸς
615 3387 674 3440 τῶν
697 3377 786 3458 ὅλων,
805 3386 856 3461 τῆς
875 3375 993 3461 πρώτης
1016 3377 1164 3463 τετράδος,
1184 3377 1217 3442 ἐν
1235 3375 1289 3440 bo·

257 3567 300 3634 (1)
319 3566 395 3620 Aevo
410 3566 541 3620 Antonini
554 3584 607 3638 quo
622 3567 727 3620 Marcus
781 3583 899 3637 quaeque
929 3565 1011 3619 literis
1038 3567 1178 3630 exscribas,
1208 3565 1288 3619 habes

221 3648 320 3715 floruit,
338 3668 352 3703 ε
371 3662 398 3703 et
416 3668 441 3703 ει
457 3663 484 3704 et
498 3669 516 3719 η
532 3669 560 3719 ηι
578 3651 727 3723 promiscue
781 3653 855 3715 ἰωτα,
874 3654 909 3716 ἡν,
926 3656 1014 3717 σῖγμα,
1030 3653 1070 3715 οὐ,
1086 3651 1190 3716 ὔψιλον,
1208 3655 1288 3716 σῖγμα

220 3736 425 3805 usurpabantur:
454 3737 490 3791 ita
515 3750 542 3790 et
561 3738 629 3806 apud
648 3736 725 3790 Taci-
780 3733 797 3786 i.
817 3750 840 3786 e.
859 3747 928 3786 xxiv
944 3733 1044 3786 literas.
1083 3732 1122 3786 lta
1142 3733 1286 3804 etllippol.

220 3831 278 3872 tum
300 3819 468 3891 eimpulsore
487 3821 623 3874 Chresto»
642 3821 724 3874 ethic
779 3817 839 3886 (Vl,
857 3821 901 3886 50)
921 3835 1020 3872 nomen
1039 3819 1165 3885 Χρειστὸς
1181 3833 1240 3871 xxx
1256 3818 1286 3870 li-

219 3902 556 3972 pauloinseriusxpetocec.
581 3903 725 3972 Hmnntrc
779 3903 843 3956 teris
868 3915 990 3958 constare
1009 3904 1080 3957 dicit.
1119 3903 1186 3956 Hinc
1207 3905 1286 3969 ᾰῤῥη-

219 3985 278 4054 (cfr.
297 3988 368 4041 Am.
381 3987 465 4041 Gerr.
483 3989 554 4041 Nocl.
573 3987 647 4041 XIX.
671 3989 723 4056 ις).
778 4003 824 4040 τον
834 4005 890 4042 non
899 3989 969 4059 quod
981 3989 1117 4042 enunciari
1131 3987 1230 4058 nequit,
1240 3988 1286 4040 sed

255 4071 297 4140 (2)
315 4071 343 4126 Si
361 4088 407 4126 sex
431 4072 521 4125 literas
543 4075 674 4136 ΙΗΣΟΥΣ,
696 4084 724 4125 ut
779 4072 849 4143 quod
864 4089 956 4143 reapse
970 4089 1025 4126 non
1041 4072 1204 4125 enunciatur.
1236 4070 1285 4124 Ce-

219 4154 273 4207 iam
302 4156 406 4210 monuit
434 4155 538 4209 Marcus
561 4158 594 4210 de
619 4159 646 4219 t,
671 4157 724 4209 suis
778 4170 834 4212 tera
848 4174 880 4212 ex
895 4158 949 4211 iam
968 4158 1044 4210 dictis
1061 4169 1120 4210 sunt
1137 4154 1284 4210 manifesta.
