3288 5060
391 491 455 540 212
681 491 807 536 lRENAEi
831 491 992 537 ADVERSUS
1015 489 1170 536 HAERESES
1304 487 1389 558 [ΧΠ
1410 505 1457 556 2-3

388 688 514 758 fecir.(¹)
559 689 599 754 Et
621 688 688 774 ipsa
711 703 816 753 autem
839 688 915 753 trias
939 687 972 751 in
1006 709 1039 752 se
1067 687 1242 775 composita
1265 707 1299 752 1x
1331 709 1460 774 genera-

389 797 444 863 vit.
497 796 548 863 Sic
580 793 698 882 ogdoas
723 814 798 859 xcrx
829 793 989 881 generavit
1019 815 1199 858 numerum.
1245 793 1284 858 Et
1306 794 1457 880 quoniam

388 901 593 970 duodecimus
609 902 700 966 Aeon
716 898 869 966 absistens
885 898 1009 986 reliquit
1028 921 1154 966 sursum
1170 919 1214 978 x1,
1231 915 1459 986 cousequenter

387 1007 496 1076 dicunt
510 1025 622 1095 typum
638 1006 800 1072 literarum
816 1007 848 1070 in
865 1003 963 1093 figura
976 1005 1122 1094 L<ogi>(²)
1131 1006 1271 1093 positum
1286 1029 1371 1072 esse:
1385 1005 1460 1094 (un-

388 1115 546 1184 decimam
569 1116 655 1181 enim
679 1114 712 1179 in
735 1113 832 1179 literis
855 1136 923 1179 esse
948 1113 986 1197 A,
1005 1115 1058 1202 qui
1082 1130 1129 1179 est
1152 1137 1302 1180 numerus
1326 1115 1409 1203 xxx)
1429 1130 1459 1178 et

389 1220 563 1290 secundum
587 1222 759 1308 imaginem
782 1220 922 1308 positum
941 1243 1009 1286 esse
1033 1221 1202 1307 superioris
1225 1219 1458 1308 dispositionis:

388 1330 538 1418 quoniam
555 1327 591 1394 ab
604 1327 695 1415 alpha
710 1328 777 1392 sine
792 1327 945 1414 episem0,
959 1328 1099 1414 ipsarum
1119 1327 1280 1393 literarum
1306 1349 1459 1394 numerus

389 1459 487 1524 usque
514 1434 551 1502 ad
583 1435 840 1522 Acompositus,
865 1433 1039 1501 secundum
1064 1451 1273 1521 augmentum
1295 1435 1458 1502 literarum

389 1568 463 1611 cum
485 1545 554 1631 ipso
580 1545 617 1624 A,
637 1562 678 1608 xc
697 1558 727 1609 et
751 1564 784 1609 ix
808 1539 880 1608 facit
905 1541 1120 1608 numerum.(⁵)
1165 1541 1328 1623 Quoniam
1349 1558 1457 1609 autem

389 1652 428 1732 Δ,
440 1673 519 1740 quae
535 1666 582 1716 est
596 1647 765 1715 undecimo
777 1647 849 1714 loco
865 1651 897 1714 in
913 1647 1033 1730 ordine,
1050 1647 1087 1716 ad
1104 1648 1216 1716 similis
1233 1651 1278 1716 sui
1297 1648 1458 1717 descendit

389 1757 637 1844 inquisitionem,
656 1772 689 1820 ut
705 1753 848 1844 impleret
868 1773 1107 1835 innumerum,
1127 1771 1157 1821 er
1169 1778 1268 1843 quom
1287 1757 1458 1822 invenisset

389 1886 474 1944 eum,
498 1860 663 1949 adimpleta
694 1878 751 1942 est,
775 1858 979 1927 manifestum
1006 1883 1075 1927 esse
1105 1883 1143 1926 ex
1175 1863 1241 1948 ipsa
1272 1859 1459 1950 figuratione

388 1968 503 2034 literae.
551 1967 688 2034 neuim
711 1967 799 2054 quasi
822 1965 860 2034 ad
884 1967 931 2032 sui
956 1966 1068 2032 similis
1098 1968 1333 2055 inquisitionem
1364 1967 1459 2036 adue-

388 2166 547 2249 γενόμενος
557 2168 595 2229 τὰ
607 2163 784 2248 ἐνενήκοντα
799 2164 939 2248 ἐποίησε·
955 2166 1016 2250 τρὶς
1027 2167 1086 2250 γὰρ
1097 2163 1256 2249 τριάκοντα
1266 2164 1457 2249 ἐνενήκοντα.

389 2270 452 2335 Καὶ
473 2273 549 2356 αὐτὴ
572 2272 605 2334 δὲ
628 2272 647 2354 ἡ
669 2274 751 2356 τριὰς
774 2269 822 2354 ἐφ’
835 2269 942 2356 ἑαυτῆς
965 2271 1154 2352 συντεθεῖσα,
1178 2271 1264 2336 ἐννέα
1287 2270 1456 2357 ἐγέννησεν.

389 2375 492 2453 Οὕτως
510 2378 529 2461 ἡ
548 2377 657 2461 ὀγδοὰς
674 2381 724 2442 τὸν
743 2386 801 2440 τῶν
819 2375 998 2460 ἐνενήκοντα
1017 2374 1103 2440 ἐννέα
1121 2376 1294 2462 ἀπεκ·’π,σεν
1316 2378 1456 2462 ἀριθμὸν.

390 2483 452 2548 Καὶ
463 2485 529 2548 ἐπεὶ
544 2483 561 2547 ὁ
576 2482 745 2560 δωδένατος
758 2483 839 2548 nov
854 2485 988 2560 deperdat
1003 2481 1163 2567 κατέλειψτ
1178 2487 1246 2560 τοὺς
1261 2487 1322 2549 άνω
1338 2485 1455 2566 ἕνδεκα,

387 2590 579 2674 κατάλληλον
597 2588 720 2674 λέγουσι
738 2594 788 2654 τὸν
807 2590 898 2655 τὺπον
913 2599 972 2654 των
989 2589 1173 2675 γραμμάτων
1190 2597 1231 2675 τῷ
1252 2592 1385 2676 σχήματι
1404 2602 1459 2656 τοῦ

388 2696 407 2761 λ
425 2695 564 2760 κεῖσθαι·
582 2694 756 2783 (ἑνδέκατον
770 2698 829 2780 γὰρ
843 2705 901 2760 τῶν
915 2695 1098 2781 γραμμάτων
1112 2697 1236 2761 κεῖσθαι
1250 2701 1284 2762 τὸ
1298 2697 1327 2780 λ,
1344 2700 1361 2761 δ
1377 2699 1457 2763 ἐστιν

388 2803 516 2888 ἀριθμὸς
534 2812 592 2866 τῶν
611 2801 795 2890 τριάκοντα),
814 2804 868 2865 καὶ
883 2799 953 2866 κατ’
969 2798 1072 2867 εἰκόνα
1089 2803 1213 2868 κεῖσθαι
1231 2813 1284 2889 τῆς
1302 2808 1364 2868 ἄνω
1379 2806 1457 2870 oino-

388 2909 508 2994 νυμίας·
532 2910 635 2994 ἐπειδὴ
659 2911 719 2973 ἀπὸ
737 2918 790 2972 τοῦ
808 2908 901 2993 ἄλφα,
920 2911 1012 2995 χωρὶς
1029 2917 1082 2974 τοῦ
1100 2909 1260 2995 ἐπισήμου,
1279 2913 1376 2976 αὐτῶν
1399 2923 1458 2977 τῶν

388 3016 573 3103 γραμμάτων
586 3017 603 3081 δ
618 3017 746 3101 ἀριθμὸς
764 3018 820 3092 ἕως
835 3023 887 3080 τοῦ
902 3015 922 3079 λ
935 3013 1159 3102 συντεθειμένος
1172 3019 1253 3081 κατὰ
1270 3019 1324 3102 τὴν
1342 3019 1456 3103 παρεώ-

389 3123 472 3211 ξηοιν
493 3133 556 3188 τῶν
576 3123 759 3209 γραμμάτιον
781 3126 836 3187 σὐν
864 3125 945 3206 αὐτῷ
967 3131 1008 3206 τῷ
1031 3121 1060 3203 λ,
1084 3125 1135 3187 τὸν
1165 3122 1343 3208 ἐνενήκοντα
1371 3124 1457 3190 ἐννέα

388 3241 513 3297 ποιεῖται
531 3227 670 3315 άριδμὸν.
717 3229 786 3296 Ὅτι
804 3231 838 3294 δέ
856 3232 890 3294 τὸ
906 3229 925 3293 λ
944 3227 1104 3294 ἑνδέκατον
1124 3231 1160 3294 δν
1177 3240 1215 3315 ep
1233 3229 1312 3308 τάξει
1336 3232 1386 3295 ἐπὶ
1403 3236 1458 3316 τὴν

389 3349 441 3402 τοῦ
471 3339 575 3424 ὁμοίου
593 3340 673 3420 αὐτῷ
698 3337 839 3423 κατῆλθε
865 3335 998 3421 ζήτησιν,
1025 3337 1074 3400 ἵνα
1103 3336 1307 3424 ἀναπληρώσῃ
1328 3343 1379 3404 τὸν
1402 3340 1457 3404 δω-

388 3444 515 3510 δέκατον
546 3445 684 3529 ἀριθμδν,
716 3447 769 3509 καὶ
797 3445 884 3528 εὑρδν
905 3445 995 3507 αὐτὸν
1027 3441 1204 3529 ἐττληράνδρ,
1227 3448 1354 3530 φανερδν
1382 3447 1457 3510 εἶναι

388 3549 421 3629 ἐξ
443 3553 534 3615 αὐτοῦ
556 3559 609 3615 τοῦ
634 3551 791 3635 σχήματος
814 3559 867 3615 τοῦ
884 3549 1046 3635 στοιχείου.
1095 3549 1141 3614 Τὸ
1158 3553 1218 3636 γὰρ
1236 3551 1265 3633 λ,
1285 3553 1388 3636 ὥσπερ
1406 3554 1456 3617 ἐπὶ

425 3720 466 3786 (1)
477 3718 535 3789 Seq.
546 3718 574 3772 in
584 3735 669 3789 graec.
678 3721 717 3786 (et
728 3717 817 3789 Hipp.)
831 3738 845 3768 n
854 3729 895 3770 ter
953 3714 1060 3770 «forma
1075 3719 1173 3783 (τύπος,
1189 3734 1223 3770 an
1236 3722 1316 3783 τόπος
1325 3743 1342 3764 =
1351 3720 1457 3782 iocosi)

392 3822 406 3851 a
415 3802 486 3855 euim
507 3815 575 3866 xxx,
597 3817 633 3854 xc
652 3815 713 3854 sunt
725 3821 750 3866 »3
764 3815 816 3855 tres
830 3817 893 3854 vero
952 3800 1122 3853 «litterarum
1133 3800 1277 3871 significat:
1288 3803 1455 3856 undecimam

389 3887 895 3958 virtutessuntogdoas‚decas‚dodecas.
953 3885 1047 3938 «enim
1071 3885 1207 3939 literarum
1226 3903 1283 3940 esse
1301 3889 1358 3940 λ...
1379 3889 1457 3941 etad

424 3972 466 4041 (2)
486 3972 556 4024 Male
585 3972 774 4042 interpretatur
797 3972 895 4042 sigium
952 3986 1104 4040 «supernae
1119 3970 1298 4040 dispositionis
1311 3971 1456 4042 imaginem

388 4057 425 4109 A:
439 4053 513 4108 Hine.
524 4073 588 4108 vero
599 4055 663 4109 haec
674 4055 753 4126 legit:
771 4076 784 4103 u
840 4071 896 4107 sur·
953 4072 967 4104 rt
976 4054 1134 4107 collocatam
1152 4066 1201 4108 etc.
1211 4074 1237 4106 υ.

392 4157 474 4192 asum
492 4154 530 4204 xi,
554 4139 645 4192 dicunt
668 4151 693 4192 et
713 4140 777 4193 illud
802 4139 897 4192 litteris
985 4138 1029 4208 (3)
1050 4153 1083 4208 30
1106 4140 1152 4192 scl.
1179 4139 1294 4192 habebas
1318 4157 1400 4210 usque
1424 4141 1456 4194 ad

393 4243 406 4274 ι(
415 4240 472 4277 τετε
497 4240 652 4294 congruum.
689 4223 770 4287 Quod
789 4223 896 4294 quidem
950 4223 1097 4278 Hzaddeus
1110 4225 1201 4278 69110
1209 4227 1259 4278 Κ10
1267 4224 1403 4278 nohabes
1414 4239 1456 4295 99.
