3274 5100
330 437 392 519 336
617 453 745 498 insuunt
770 455 928 500 auvensus
952 455 1107 501 naereses
1184 452 1267 522 [V111,
1287 455 1390 518 2-1x,1

323 647 400 712 Non
431 647 525 734 igitur
556 646 619 711 ianr
649 643 754 711 dicant
785 646 952 733 pleroma
982 669 1052 712 esse
1083 649 1231 713 omnium
1255 647 1394 734 Bythum

325 755 487 841 ipsorum3
519 752 674 841 siquidem
698 752 729 820 id
752 752 837 840 quod
867 769 913 819 est
937 777 1073 820 vacuum
1096 771 1127 820 et
1155 754 1265 820 umbra
1294 779 1395 844 neque

326 858 507 946 adimplevit
531 881 631 945 neque
656 857 858 926 illuminavit:
891 876 943 925 aut
974 861 1088 926 iterum
1119 860 1263 927 umbram
1287 879 1318 928 et
1340 887 1395 928 va-

327 987 422 1030 cuum
447 965 702 1052 praetermittant,
726 963 880 1051 siquidem
911 963 1060 1054 adimplet
1090 967 1198 1032 omnia
1229 982 1393 1053 paternum

327 1073 470 1159 ipsorum
494 1072 610 1137 lumen.

396 1200 424 1264 3.
448 1179 559 1266 Neque
584 1179 678 1264 igitur
697 1195 780 1246 extra
799 1180 938 1266 primum
958 1181 1094 1261 Patrem,
1114 1180 1145 1248 id
1164 1198 1211 1247 est
1229 1182 1282 1269 qui
1301 1204 1395 1269 super

325 1286 433 1350 omnia
457 1301 504 1350 est
527 1284 614 1351 Deus
638 1300 690 1350 aut
713 1284 870 1365 Pleroma,
893 1285 1007 1373 aliquid
1031 1309 1099 1353 esse
1122 1303 1234 1375 potest,
1254 1289 1287 1353 in
1309 1285 1393 1375 quod

326 1390 535 1477 Enthymesin
559 1391 641 1478 passi
666 1391 786 1456 Aeonis
809 1389 1006 1458 descendisse
1031 1391 1150 1475 dicunt,
1173 1409 1207 1458 ut
1231 1415 1295 1459 non
1319 1391 1395 1459 deli-

325 1497 427 1562 niatur
446 1514 477 1562 et
495 1496 769 1563 circumscribatur
791 1496 829 1562 ab
852 1521 891 1564 eo
909 1500 963 1585 qui
982 1514 1030 1564 est
1048 1515 1132 1564 extra
1152 1516 1182 1566 et
1198 1501 1395 1566 contineatur

325 1605 429 1691 ipsum
454 1604 611 1686 Pleroma,
629 1605 680 1670 rel
703 1606 825 1692 primus
844 1605 949 1672 Deus:
969 1629 1069 1694 neque
1088 1630 1225 1673 vacuum
1244 1630 1323 1687 esse,
1342 1623 1395 1672 aut

327 1709 471 1776 umbram
496 1711 642 1799 capiet,(¹)
664 1733 764 1798 quum
788 1713 852 1778 iam
875 1729 946 1778 ante
970 1713 1009 1778 sit
1029 1713 1131 1793 Pater,
1150 1714 1194 1778 uti
1214 1736 1253 1778 ne
1272 1712 1395 1780 deficiat

325 1817 433 1882 lumen
457 1819 534 1898 eiuS,
551 1834 581 1883 et
600 1816 763 1885 definiatur
782 1820 814 1884 in
831 1841 977 1885 vacuum.
1024 1819 1204 1885 lrrationale
1223 1837 1270 1886 est
1289 1836 1394 1886 autem

326 1941 357 1989 et
381 1926 515 2012 impium
539 1924 719 1990 adinvenire
743 1925 861 2004 locum,
881 1927 996 2014 inquo
1019 1942 1118 1993 cessat
1137 1942 1168 1992 et
1187 1925 1283 1992 finem
1303 1925 1395 1992 habet
1490 1939 1493 1942 “

326 2032 379 2118 qui
403 2047 448 2097 est
472 2027 645 2098 secundum
677 2054 732 2098 eos
757 2033 910 2120 Propator
941 2049 971 2098 et
994 2032 1160 2116 Proarche,
1185 2050 1215 2099 et
1248 2035 1395 2099 omnium

328 2139 418 2203 Pater
441 2157 471 2206 et
496 2138 587 2205 huius
611 2138 808 2205 Pleromatis
855 2140 923 2206 Nec
946 2161 1053 2205 rursus
1076 2139 1109 2204 in
1132 2141 1233 2205 Patris
1256 2143 1326 2206 sinu
1350 2141 1396 2206 al-

327 2262 428 2311 terum
453 2244 623 2332 quemdam
646 2243 748 2311 dicere
770 2261 890 2312 tantam
914 2244 1080 2312 fabricasse
1109 2245 1324 2312 conditionem
1348 2246 1394 2312 fas

327 2369 384 2432 est,
400 2352 448 2417 vel
466 2354 689 2431 consentiente,
714 2351 764 2417 vel
783 2375 848 2419 non
867 2353 1145 2433 consentientem,
1161 2370 1287 2442 propter
1306 2376 1395 2440 prae-

327 2459 422 2525 dictas
446 2482 563 2526 causas.
610 2459 748 2546 lmpium
765 2476 811 2525 est
827 2460 911 2526 enim
928 2460 1071 2526 similiter
1086 2476 1116 2525 et
1132 2457 1261 2526 demens
1280 2459 1393 2539 dicere,

326 2581 444 2630 tantam
469 2565 683 2631 conditionem
708 2564 745 2631 ab
769 2566 898 2654 angelis,
923 2583 975 2632 aut
999 2565 1036 2632 ab
1060 2567 1231 2632 emissione
1258 2563 1393 2654 quadam

326 2673 490 2759 ignorante
513 2689 625 2737 verum
649 2673 767 2753 Deum,
784 2675 817 2738 in
834 2673 881 2738 his
897 2695 975 2760 quae
995 2690 1068 2739 sunt
1083 2675 1190 2760 ipsius,
1212 2671 1393 2739 fabricasse:

326 2801 425 2866 neque
449 2778 526 2844 infra
550 2779 696 2845 Pleroma
727 2781 880 2868 ipsorum,
903 2803 1001 2866 quum
1025 2781 1065 2845 sit
1088 2779 1270 2845 universum
1304 2779 1394 2866 spiri·

327 2885 397 2964 tale,
421 2907 556 2974 eaquae
585 2903 657 2952 sunt
687 2903 808 2952 terrena
833 2902 863 2952 et
886 2885 996 2952 choica
1026 2883 1174 2973 possibile
1198 2885 1277 2952 facta
1307 2909 1393 2952 esse:

327 2990 381 3058 sed
398 3015 436 3058 ne
455 2991 581 3081 quidem
602 2991 774 3059 secundum
793 2992 921 3057 illorum
936 2994 1119 3079 imaginem,
1134 3015 1233 3087 quum
1248 2992 1393 3059 dicuntur

326 3099 413 3184 pauci
437 3113 467 3162 et
491 3097 602 3162 similis
626 3097 824 3164 formationis
848 3113 878 3162 et
901 3121 1000 3163 unuin
1024 3120 1102 3176 esse,
1122 3096 1269 3184 possibile
1293 3113 1340 3162 est
1363 3114 1393 3163 et

324 3227 403 3292 quae
415 3220 487 3269 sunt
500 3204 617 3269 multae
629 3201 817 3269 conditionis
827 3219 857 3269 et
869 3205 1022 3269 contraria
1035 3205 1172 3270 invicem
1185 3203 1264 3269 facta
1276 3203 1394 3270 esse.(²)

362 3421 404 3488 (r)
423 3422 586 3481 ἐνδὲξεταιε
601 3419 712 3488 intelligi
727 3419 832 3489 poterit,
886 3420 972 3490 quoad
1010 3420 1163 3473 dualitatem
1201 3434 1227 3474 et
1264 3420 1394 3474 emanati-

327 3505 353 3556 in
374 3521 451 3574 quem
468 3521 573 3556 sensum
588 3504 690 3574 saepius
704 3505 736 3556 ab
752 3505 831 3556 inter·
886 3520 973 3556 smum
990 3504 1099 3573 duplicis
1114 3504 1243 3574 principii.
1278 3504 1332 3572 (Ad
1346 3521 1393 3556 vo·

326 3601 399 3658 prete
415 3589 524 3641 verbum
540 3597 626 3658 cupere
645 3588 832 3640 adsumitur·
887 3605 945 3641 cem
968 3607 981 3638 u
990 3588 1046 3641 Nec
1069 3605 1179 3641 rursus»
1203 3589 1301 3658 prima3
1320 3588 1394 3642 dein-

326 3672 380 3726 Cfr.
400 3690 421 3725 c.
441 3672 504 3724 xnl
524 3673 636 3742 passim;
658 3679 713 3724 urile
731 3675 764 3724 sit
782 3672 830 3724 Pa·
886 3687 946 3741 ceps
966 3673 1047 3724 altera
1067 3678 1147 3742 pars).
1171 3703 1206 3710 -
1228 3671 1394 3743 Subsequens

324 3766 402 3811 ter...
422 3763 472 3810 ati:
491 3759 507 3811 i.
527 3775 549 3810 e.
569 3758 655 3827 magis
671 3759 741 3810 valet
755 3758 832 3810 Pater
886 3775 991 3809 summa
1020 3758 1127 3826 capitis:
1152 3757 1240 3820 QUAM
1264 3773 1392 3811 sauss...

326 3860 405 3913 quam
426 3842 537 3895 deficere
557 3843 637 3912 possit
657 3853 706 3894 etc.
886 3843 929 3894 hic
949 3841 1054 3911 quidem
1077 3842 1104 3894 in
1123 3843 1247 3895 omnibus
1265 3859 1329 3896 mss.
1347 3859 1394 3912 po-

361 3931 404 3996 (2)
424 3927 494 3980 Tota
513 3927 608 3996 haec§
627 3938 665 3980 est
686 3939 746 3997 apta
760 3945 831 3981 reca-
885 3926 971 3989 nitur;
993 3941 1095 3990 verum,
1116 3925 1167 3978 nisi
1195 3926 1282 3996 potius
1306 3926 1394 3996 glossa

325 4013 448 4083 pitulatio
463 4013 602 4076 dictorum,
621 4013 685 4082 quin
704 4013 785 4064 etiam
804 4013 831 4064 in
886 4013 1041 4082 marginalis
1057 4011 1135 4066 fuerit
1150 4028 1229 4082 quam
1250 4010 1395 4081 inscripti0,

325 4098 464 4151 meliorem
510 4097 631 4150 ordinem
674 4096 830 4149 distributio
886 4097 981 4149 asede
1005 4098 1116 4150 aberrat.
1154 4094 1220 4164 (Cfr.
1240 4112 1306 4166 quae
1328 4095 1394 4147 dirri-

325 4181 393 4234 Hinc
409 4182 503 4235 melius
519 4183 603 4234 elucet
620 4181 725 4251 partitio
741 4192 831 4233 nostra
885 4197 944 4234 mus
963 4199 987 4251 p.
1011 4196 1068 4252 319,
1088 4193 1143 4234 not.
1164 4181 1201 4248 2).
