3274 5100
356 439 419 503 286
644 456 772 502 insuam
795 457 955 503 aovaasus
979 457 1134 502 ramasses

1252 455 1351 524 [XXX,
1371 471 1425 522 2-4

354 651 510 714 Aeonem.
522 648 554 701 (¹)
600 647 677 714 Esse
707 665 814 714 autem
842 647 921 714 hanc
945 663 975 714 et
1003 671 1121 730 ueram,
1145 665 1176 714 et
1198 665 1338 715 sanctam
1362 649 1424 715 Ec-

353 756 492 836 clesiam,
516 779 594 845 quae
629 754 722 821 fuerit
756 755 919 843 appellatio
954 771 984 821 et
1020 758 1189 823 conventio
1219 773 1250 822 et
1275 755 1424 824 adunatio

353 863 452 929 Patris
476 863 632 944 omnium,
656 863 748 950 primi
766 861 916 942 hominis,
931 879 962 928 et
982 863 1062 943 filii,
1079 862 1205 930 secundi
1223 863 1371 944 hominis,
1391 880 1424 929 et

353 968 483 1049 Christi,
506 967 562 1034 filii
585 991 708 1048 eorum,
733 984 762 1033 et
782 966 955 1056 praedictae
975 968 1119 1036 feminae.

421 1096 449 1160 3.
474 1075 632 1141 Virtutem
649 1092 753 1140 autem
768 1097 846 1164 quae
862 1073 1074 1162 superebulliit
1097 1100 1134 1144 ex
1158 1075 1285 1157 femina,
1304 1073 1423 1144 haben-

351 1199 416 1248 tem
440 1181 706 1248 humectationem
729 1181 870 1263 luminis,
893 1203 911 1247 a
934 1182 1072 1268 patribus
1095 1179 1247 1250 decidisse
1270 1181 1420 1248 deorsum

350 1289 517 1368 docent,(²l
532 1311 586 1354 sua
602 1304 708 1353 autem
731 1288 891 1354 voluntate
908 1285 1073 1354 habentem
1090 1288 1358 1355 humectationem
1372 1289 1423 1354 lu-

352 1395 507 1462 minis:(³)
529 1417 625 1482 quam
652 1411 682 1460 et
705 1395 874 1476 sinistram,
899 1411 929 1460 et
953 1395 1122 1476 Prunicon,
1146 1411 1176 1462 et
1204 1395 1365 1482 Sophiam,
1388 1412 1421 1462 et

348 1501 668 1569 masculo-feminam
698 1517 821 1568 vocant.
895 1501 934 1568 Et
964 1499 1206 1568 descendentem
1238 1503 1422 1590 simpliciter

351 1611 385 1675 in
404 1631 509 1696 aquas,
521 1609 553 1662 (4)
568 1631 666 1697 quum
683 1624 787 1674 essent
801 1605 992 1688 immobiles,
1009 1624 1038 1674 et
1057 1610 1197 1674 movisse
1216 1631 1342 1698 quoque
1356 1633 1421 1689 eas,

352 1807 510 1875 ὑπερβλύσαι
577 1809 623 1858 καί
641 1808 687 1858 τὸν
705 1808 752 1872 μὲν
771 1807 883 1870 Χριστόν
896 1844 903 1856 .
914 1843 921 1858 .
932 1843 939 1858 .
951 1807 997 1857 σὺν
1016 1810 1048 1872 τῇ
1068 1808 1145 1872 μητρὶ
1163 1810 1201 1868 εἰς
1219 1808 1265 1857 τὸν
1280 1806 1421 1876 ἄφθαρτον

352 1897 556 1964 ἀναπεισθῆναι
574 1899 672 1956 Δίῶνα,
690 1897 724 1962 ἣν
741 1898 788 1947 ael
806 1896 939 1961 ἀληθινὴν
958 1893 1105 1962 ἐκκλησίαν
1124 1896 1244 1946 καλοῦσι.

425 1999 447 2036 2.
467 1987 522 2052 Τὴν
541 1987 571 2036 δὲ
596 1984 807 2047 &vehinoheim
830 1987 877 2034 τοῦ
903 1985 990 2048 φωτὸς
1017 1985 1321 2048 {anauahentemo
1344 1985 1420 2035 κάτω

353 2077 431 2144 φασίν
450 2113 491 2128 ...
511 2077 558 2124 aa!
572 2074 710 2140 κληθῆναι
722 2070 822 2138 Σοφίαν
834 2075 881 2123 καί
896 2073 1041 2138 Ηροὺνικον
1055 2076 1102 2125 καὶ
1117 2073 1323 2138 Ἀῤῥενόθηλυν
1361 2081 1421 2124 Δια-

351 2167 502 2232 νηχσμόνην
521 2167 551 2215 δὲ
571 2166 599 2216 ἐν
619 2167 674 2226 τοῖς
692 2163 769 2214 ὕδασι
842 2162 1000 2227 προσλαβεῖν
1015 2165 1062 2228 μὲν
1077 2163 1106 2224 ἐξ
1122 2165 1209 2215 αὐτῶν
1229 2169 1304 2228 σῶμα
1318 2167 1420 2215 ...καί

352 2253 521 2319 βαρυνθῆνοιι,
540 2255 586 2303 aad
605 2252 764 2318 ὑποβρύχιον
782 2250 949 2302 κινδυνεῦσαι
966 2252 1095 2316 γενέσθαι
1176 2253 1303 2303 ἀναδῦναι
1318 2253 1357 2314 δὲ,
1372 2255 1420 2303 καὶ

388 2417 430 2483 (ι)
444 2414 491 2467 His
506 2412 612 2468 nonnisi
626 2413 758 2484 praedicta
773 2412 859 2465 decla-

352 2510 444 2551 rantur
459 2509 565 2550 ostensa
578 2496 750 2567 generatione
759 2494 859 2548 Christi

353 2601 385 2636 ex
410 2581 508 2653 Spiritu
536 2581 584 2634 sub
608 2581 806 2649 Protanthropo
832 2591 858 2632 et

352 2666 426 2720 Filio.

386 2752 430 2818 (a)
443 2750 528 2820 igitur
537 2749 601 2802 dum
608 2748 728 2802 Christus
741 2765 773 2801 ex
784 2763 858 2800 mera

350 2835 526 2888 delectatione
544 2834 641 2904 absque
660 2833 800 2886 concubitu
817 2834 857 2900 (in

350 2921 418 2972 iusta
437 2920 482 2972 scl.
502 2920 648 2984 mensura),
670 2919 703 2971 ad
722 2917 857 2988 superiora

351 3003 440 3068 fertur,
460 3015 538 3074 atque
562 3003 700 3056 dexterum
722 3014 748 3055 et
770 3002 856 3054 incor-

351 3089 472 3159 ruptibile
491 3089 581 3141 lumen
601 3087 638 3148 fit,
654 3086 857 3158 Sophia-Prum-

351 3190 395 3226 cos
411 3189 443 3225 ex
459 3171 599 3225 concubitu
611 3183 680 3224 etex
695 3171 857 3241 superreple-

350 3257 423 3311 tionc
435 3274 481 3310 seu
490 3271 597 3309 excessu
611 3267 736 3326 generata
749 3255 856 3308 nonnisi

350 3341 453 3395 medius
477 3341 606 3394 terminus
631 3339 670 3406 fit,
694 3356 756 3393 curn
784 3341 856 3392 ahu·

353 3445 366 3474 a
379 3425 539 3478 mectatione
569 3424 706 3476 luminis»
740 3423 855 3494 quidem,

350 3509 410 3580 quia
426 3521 451 3562 et
468 3508 523 3578 ipsa
543 3525 557 3560 a
577 3508 655 3561 Patre
673 3521 699 3561 et
718 3507 794 3571 Filio,
809 3508 856 3560 sed

349 3611 410 3646 cum
430 3591 601 3646 inclinatione
620 3594 652 3646 ad
672 3591 795 3646 inferiora
815 3605 855 3646 ut-

349 3690 411 3748 pote
424 3695 490 3749 quae
507 3698 520 3727 a
530 3695 562 3730 ex
578 3677 781 3730 sinisterioribus
797 3694 856 3748 par·

353 3763 469 3816 atibus„
492 3763 533 3815 sit.

383 3848 425 3917 (ρ)
452 3846 472 3901 Ι.
497 3863 519 3900 e.
548 3846 645 3900 decidit
670 3863 724 3898 non
752 3858 856 3911 natura,

349 3930 475 4000 quoniam
487 3947 520 3983 ex
535 3929 734 3983 humectatione
749 3929 856 3982 luminis

349 4031 453 4068 sursum
472 4013 533 4067 serti
558 4014 677 4078 debebat,
692 4013 738 4066 sed
757 4029 789 4067 ex
809 4030 856 4066 sua

349 4101 487 4153 voluntate
506 4101 548 4152 vel
567 4099 748 4152 inclinatione.

385 4187 426 4251 (4)
464 4183 626 4236 Describitur
667 4183 743 4254 origo
778 4183 856 4236 mixti

912 2414 1013 2466 mundi.
1059 2413 1187 2467 Prunicus
1217 2414 1367 2484 spiritualis,
1392 2415 1420 2468 in

912 2499 993 2552 chaos
1017 2515 1063 2550 sua
1085 2499 1223 2552 voluntate
1248 2499 1420 2568 demergitur,

913 2592 990 2651 atque
1003 2581 1094 2634 statim
1107 2593 1200 2634 cuncta
1216 2599 1282 2652 quae
1295 2581 1323 2634 in
1338 2583 1420 2636 chaos

912 2665 976 2718 lucis
990 2665 1067 2718 avida
1080 2677 1167 2718 essent
1181 2666 1275 2733 (chaos
1293 2683 1358 2737 ergo
1374 2685 1420 2720 ve-

910 2750 950 2804 lut
977 2766 1050 2802 mare
1078 2761 1117 2803 est
1145 2749 1173 2802 in
1201 2767 1254 2820 quo
1284 2751 1418 2804 elementa

911 2845 972 2887 sunt
991 2835 1056 2887 lucis
1080 2846 1107 2887 et
1125 2835 1250 2888 tenebrae
1273 2836 1419 2905 permixta)

911 2918 1013 2972 adeam
1024 2931 1160 2990 tamquam
1171 2919 1204 2972 ad
1214 2932 1367 2990 magnetem
1375 2937 1419 2973 ac-

911 3015 1027 3066 currunt,
1041 3019 1153 3073 eamque
1165 3015 1318 3056 onerantur.
1350 3003 1419 3056 Hinc

911 3085 967 3156 ipsa
988 3085 1086 3156 Sophia
1111 3103 1156 3139 seu
1175 3087 1283 3158 psyche,
1307 3103 1419 3158 corpore

910 3180 936 3223 et
960 3172 1071 3224 materia
1095 3170 1317 3235 circumvestitur,
1335 3189 1417 3242 quum

910 3256 1001 3308 lumen
1011 3255 1127 3326 spiritale
1139 3255 1245 3308 habeat.
1271 3254 1417 3309 Cir.etiam

910 3337 993 3392 Oaro.
1022 3339 1101 3410 Apud
1111 3339 1188 3410 Hipp.
1196 3339 1340 3409 (Sethiani)
1350 3357 1418 3410 aqua

909 3423 975 3476 haec
993 3434 1130 3494 tamquam
1152 3426 1308 3495 ἀκάθαρτος
1331 3430 1419 3494 μῆτρα
1447 3419 1450 3424 ’

910 3507 1061 3578 perhibetur
1088 3525 1168 3579 quam
1192 3507 1289 3578 Sophia
1316 3519 1345 3561 ut
1364 3525 1418 3562 ser-

909 3609 973 3663 pens
995 3603 1114 3662 penetrat
1133 3609 1164 3646 ac
1188 3591 1342 3658 foecundae
1369 3593 1419 3646 ibi-

910 3678 971 3730 dem
994 3677 1109 3730 lustinus
1136 3678 1272 3748 gnosticos
1293 3677 1352 3731 loco
1370 3677 1419 3730 So-

910 3763 1100 3834 phiaeElohim
1111 3763 1210 3817 inducit
1221 3764 1338 3817 medium
1350 3763 1420 3816 inter

910 3847 993 3901 Edem
1012 3860 1039 3900 et
1059 3847 1155 3912 Deum,
1173 3848 1217 3919 qui
1236 3860 1366 3919 quatenus
1385 3848 1419 3900 ad

910 3931 993 3986 Edem
1025 3933 1189 4000 (materiam)
1217 3932 1311 3996 tendit,
1340 3949 1419 3986 mun-

910 4016 973 4069 dum
993 4017 1062 4070 hunc
1082 4016 1221 4082 visibilem,
1237 4028 1366 4087 quatenus
1385 4017 1418 4069 ad

909 4099 1006 4165 Deum,
1025 4099 1165 4153 duodecim
1183 4111 1292 4170 generat
1305 4099 1419 4152 archon-

908 4195 949 4236 tas
977 4200 1023 4236 seu
1051 4183 1158 4254 spiritus
1184 4183 1361 4254 propheticos,
1389 4193 1419 4236 ut
