3172 5044
519 481 707 526 THEOLOGIA
731 481 860 526 lRENAEl
1065 545 1069 548 -
1180 483 1214 546 51

138 680 280 776 ginem.
339 677 480 750 Verum
510 676 548 748 id
576 676 701 772 operis
729 675 845 773 ipsius
860 674 1021 748 ambitus
1041 676 1215 750 docebit:

135 807 172 878 in
205 803 408 900 praesenti,
441 828 489 875 ne
519 803 692 875 uberiora
712 802 929 899 persequuti
955 803 1120 900 pretiosa
1148 805 1218 877 etsi

137 930 296 1002 minima
324 927 589 1024 relinquamus,
615 926 732 999 satius
760 925 830 999 erit
858 951 927 1023 pro
955 927 1080 1001 indole
1110 929 1218 1002 buius

137 1055 257 1138 Bibt,
277 1052 451 1125 usitatam
467 1051 505 1124 in
521 1051 657 1124 scholis
677 1075 801 1123 rerum
817 1051 952 1123 seriem
973 1077 1021 1124 ex
1041 1052 1218 1148 operibus

136 1180 177 1250 S.
209 1176 389 1275 Episcopi
417 1201 532 1272 parca
561 1202 672 1249 manu
702 1174 875 1273 seligere.
893 1171 928 1225 (Ι)

221 1305 345 1375 Deam
374 1326 446 1372 esse
474 1299 688 1374 hominibus
722 1299 897 1372 omnibus
924 1315 1055 1396 patere
1084 1303 1214 1376 docet:

138 1453 238 1524 quos
254 1425 352 1499 enim
370 1426 581 1522 Prophetae
597 1451 672 1498 non
689 1424 916 1510 erudierunt,
934 1425 994 1497 vel
1010 1425 1073 1521 qui
1094 1442 1216 1524 proto-

136 1554 283 1648 plastae
304 1549 543 1624 traditionem
564 1547 668 1621 obliti
690 1565 786 1634 sunt,
810 1549 880 1621 hos
901 1550 1029 1622 mundi
1050 1551 1215 1626 conditio

138 1677 201 1750 vel
230 1675 304 1747 Dei
342 1673 519 1748 continua
555 1674 792 1770 providentia
821 1674 947 1746 Deum
985 1700 1070 1748 esse
1108 1676 1214 1749 lateri

137 1798 245 1896 cogit
274 1799 351 1894 (ΙΙΙ,
387 1819 446 1892 25,
476 1822 514 1882 1;
545 1799 609 1871 clr.
642 1799 684 1882 ΙΙ,
711 1804 746 1883 6,
783 1822 821 1880 1;
854 1822 958 1888 9,1;
994 1818 1052 1890 27,
1079 1825 1120 1881 23
1150 1800 1211 1884 IV,

138 1927 174 2004 6,
203 1926 255 2018 2),
313 1921 393 1994 Nec
423 1936 481 1995 est
509 1920 616 1994 Deus
645 1920 715 1992 nisi
735 1945 841 2006 unus,
865 1919 935 1994 nisi
955 1946 1117 2018 persona
1134 1923 1212 2017 (ΙΙΙ,

140 2049 176 2130 8,
205 2071 245 2139 3;
268 2045 309 2130 ΙΙ,
335 2069 393 2138 34,
417 2070 461 2135 4;
494 2045 556 2128 ΙΙΙ,
583 2047 688 2141 2-5),
715 2044 784 2119 nisi
805 2045 972 2118 omnium
1003 2063 1150 2121 creator
1177 2065 1215 2122 et

137 2170 353 2244 dominator
381 2170 442 2266 (ΙΙ,
467 2192 527 2263 30,
551 2195 593 2261 9;
619 2171 684 2243 csr.
707 2171 749 2254 ΙΙ,
782 2197 812 2243 c.
849 2176 917 2241 1-6
951 2164 1098 2278 [contra
1127 2174 1214 2246 dua-

137 2296 288 2370 lismum
313 2311 350 2368 et
369 2287 663 2401 pantheismum]
693 2320 723 2367 c,
746 2293 792 2378 V,
819 2300 877 2380 26,
904 2320 937 2380 2,
961 2295 1023 2368 ubi
1043 2296 1213 2394 blasphe-

138 2421 215 2493 mia
229 2419 392 2516 pessima
406 2417 540 2492 dicitur
556 2443 654 2515 quae
669 2435 727 2492 est
737 2435 866 2493 contra
877 2417 1209 2524 Creatoremetc.).

138 2543 243 2640 Quid
261 2558 387 2617 autem
402 2543 509 2616 Deus
527 2541 585 2627 sit,
609 2543 655 2615 in
685 2543 760 2617 via
788 2543 1008 2639 mysterium
1024 2561 1093 2630 est,
1110 2547 1212 2641 quod

138 2665 287 2740 nonnisi
302 2691 350 2739 ex
370 2665 453 2739 Filii
468 2666 696 2740 revelatione
711 2692 808 2764 quae
828 2667 980 2763 quidem
1001 2668 1042 2740 in
1063 2670 1212 2766 patria

136 2791 353 2890 perficietur
381 2793 442 2886 (ΙΙ,
477 2813 536 2884 25,
569 2795 612 2890 4)
650 2791 785 2889 aperiri
819 2794 956 2891 poterit
986 2795 1068 2890 (IV,
1101 2800 1134 2870 6.
1168 2819 1209 2885 4;

140 2939 199 3000 2ο,
224 2919 288 3013 6);
319 2931 464 2990 tanturn
494 2917 607 3013 quod
626 2916 698 2989 dici
732 2933 895 3013 nequeat
932 2917 979 2990 de
1015 2918 1103 2991 Deo
1131 2943 1212 3016 per·

136 3041 263 3139 cipere
293 3065 491 3137 possumus
519 3039 597 3142 (Ill,
622 3041 656 3125 8,
690 3065 710 3133 3
741 3043 831 3137 etc.)
860 3040 919 3113 vel
948 3042 1134 3137 quaedam
1163 3068 1211 3115 ex

135 3167 313 3264 analogia
342 3165 465 3238 eidem
494 3165 659 3238 tribuere
688 3167 747 3262 (ll,
775 3168 832 3248 28,
856 3186 950 3257 4-5;
981 3165 1042 3250 IV,
1076 3190 1131 3252 11,
1157 3169 1207 3264 2),

136 3292 186 3365 nil
200 3307 332 3364 tamen
349 3289 451 3386 quod
469 3288 930 3388 anthropomorphismum
946 3288 1045 3362 oleat
1066 3291 1126 3380 (ΙΙ,
1153 3315 1207 3384 13,

138 3441 226 3510 2·3;
263 3416 324 3501 28,
346 3417 454 3511 4-9).
511 3415 620 3488 Deus
648 3412 841 3488 scientiam
871 3413 1209 3489 habettuturorum

215 3605 259 3674 (ι)
280 3602 342 3655 Non
362 3615 453 3655 tamen
471 3602 676 3672 praetereundus
695 3601 736 3654 cui
756 3601 887 3654 videbitur
907 3602 1036 3654 indiculus
1049 3603 1094 3672 qui
1113 3603 1207 3672 1‚x,3

133 3690 258 3753 traditur,
280 3687 364 3740 doctae
393 3686 525 3758 theologiae
549 3687 588 3739 sui
607 3686 735 3756 temporis
760 3686 841 3738 veluti
861 3687 1010 3739 delineatio.
1048 3687 1087 3739 lbi
1107 3705 1210 3758 quoque

134 3783 306 3826 momentum
325 3769 535 3842 recapitulationis
555 3789 601 3841 per
616 3771 715 3824 Christi
726 3771 939 3823 Incarnationem
953 3770 1121 3841 praecipuum
1137 3772 1209 3823 exhi-

134 3860 219 3912 betur.
257 3855 329 3909 Nam
344 3873 378 3909 ex
396 3854 460 3908 XIV
479 3856 675 3927 quaestionibus
694 3855 787 3926 quibus
806 3855 886 3908 indic.
908 3867 1011 3908 constat
1038 3867 1140 3924 septem
1159 3856 1209 3908 lruc

134 3941 285 3995 reseruntur
303 3959 337 3994 ex
356 3940 449 4011 quibus
468 3939 574 3993 attende
593 3939 655 3992 Vlll
676 3955 778 4010 aquare
791 3939 909 3992 Verbum
922 3938 971 3991 Dei
982 3955 1044 3992 caro
1057 3938 1156 3991 suctum
1170 3951 1207 3990 est

136 4039 187 4079 «et
207 4042 315 4096 passum
334 4037 411 4088 estu,
426 4023 463 4076 IX
481 4040 584 4094 «quare
603 4022 630 4076 in
650 4023 802 4077 novissimis
821 4022 985 4092 temporibus
1004 4023 1134 4075 adventus
1149 4022 1206 4074 Filii

136 4133 150 4160 a
161 4111 212 4164 Dei
228 4111 255 4162 lt
269 4125 291 4162 e
307 4109 335 4162 in
350 4108 404 4162 fine
417 4108 565 4179 apparuerit
578 4119 604 4161 et
617 4125 672 4162 non
687 4108 714 4160 in
729 4107 805 4160 initio
814 4129 840 4173 n,
851 4124 914 4178 quas
928 4106 1094 4177 quaestiones
1109 4106 1209 4176 primus

133 4209 194 4268 post
214 4211 277 4248 eum
295 4193 343 4247 sibi
366 4192 501 4264 proposuit
519 4209 539 4246 s.
559 4193 708 4246 Ausetuus
729 4190 796 4262 [Car
816 4191 885 4244 Deus
904 4190 999 4259 honio}
