3230 5062
198 472 234 538 (l,
259 472 329 542 ao).]
625 473 715 521 LIBER
739 473 852 520 PRIMUS

198 687 269 734 tum
293 683 398 734 autern
418 689 483 732 non
506 684 688 754 cognoscet,
712 669 814 734 sciens
836 667 987 756 quoniam
1011 667 1127 755 aliquid
1141 667 1270 757 quidem

199 796 313 840 eorurn
336 790 383 839 est
405 769 444 838 de
469 771 584 860 Ulysse
606 771 738 854 dictum,
762 771 844 839 aliud
869 794 947 839 vero
960 770 1000 839 de
1019 773 1164 854 Hercule,
1188 773 1269 841 aliud

200 901 277 944 vero
299 877 338 946 de
362 879 501 959 Priamo,
525 876 607 945 aliud
630 900 707 945 vero
729 878 768 945 de
791 878 938 944 Menelao
961 894 991 943 et
1017 881 1269 966 Agamemnone.

199 987 231 1052 Si
257 1002 361 1052 autem
385 984 490 1052 tulerit
513 985 594 1066 illos,
626 1002 655 1052 et
690 1008 949 1074 unumquemque
984 1009 1042 1052 suo
1066 986 1146 1052 libro
1169 985 1271 1054 reddi·

198 1091 291 1172 derit,
315 1091 433 1159 auferet
455 1089 495 1158 de
514 1091 619 1159 medio
639 1115 784 1180 praesens
808 1108 1041 1180 argumentum.
1089 1093 1140 1159 Sic
1164 1109 1267 1161 autem

198 1216 230 1266 et
253 1201 305 1287 qui
329 1198 469 1286 regulam
494 1199 632 1265 veritatis
657 1196 855 1265 immobilem
879 1196 960 1286 apud
983 1222 1017 1264 se
1040 1198 1142 1281 habet,
1174 1223 1268 1288 quarn

200 1328 255 1394 per
264 1305 455 1392 baptismum
464 1305 592 1393 accepit,
600 1305 633 1358 (¹)
645 1303 721 1372 haec
733 1304 859 1393 quidem
872 1327 951 1394 quae
964 1322 1036 1372 sunt
1049 1329 1086 1371 ex
1101 1305 1269 1394 Scripturis

199 1414 340 1493 nomina,
364 1427 395 1478 et
416 1411 580 1492 dictiones,
605 1429 636 1478 et
654 1410 814 1501 parabolas
837 1428 1023 1500 cognoscet:
1050 1410 1269 1500 blasphemum

197 1535 304 1584 autem
340 1518 468 1584 illorum
504 1535 725 1606 argumentum
756 1541 821 1584 non
855 1534 1034 1606 cognoscet.
1093 1519 1216 1584 Etenim
1243 1520 1268 1584 si

196 1649 342 1714 geruruas
366 1643 526 1712 agnoscet,
550 1625 603 1693 sed
626 1627 754 1715 vulpem
775 1649 832 1714 pro
855 1626 953 1714 regali
977 1628 1114 1714 imagine
1132 1650 1197 1693 non
1222 1649 1270 1692 re-

197 1734 300 1820 cipiet.
312 1733 346 1788 (²)
391 1734 659 1822 Unumquemque
674 1750 777 1800 autem
796 1756 981 1798 sermonum
999 1731 1129 1799 reddens
1145 1755 1203 1800 suo
1218 1756 1269 1799 or-

195 1837 274 1921 dini,
298 1854 328 1905 et
351 1855 458 1927 aptans
474 1840 613 1904 veritatis
629 1837 826 1926 corpusculo,
842 1834 1020 1919 denudabit,
1040 1855 1069 1904 et
1093 1838 1270 1904 insubstan-

195 1945 298 2010 tivum
324 1943 467 2010 ostendet
490 1943 678 2032 figmentum
698 1945 851 2032 ipsorum.

193 2176 354 2262 γνώσεται,
378 2179 435 2262 μὲν
456 2179 493 2241 τὰ
508 2179 578 2261 ἔπη,
594 2181 649 2263 τὴν
665 2177 698 2240 δέ
717 2177 863 2241 ὑπίδεσιν
882 2179 939 2242 οὐκ
956 2176 1164 2262 ἐπιγνώσεται,
1184 2176 1268 2252 εἰδὼς

195 2287 240 2348 ἔπι
263 2287 297 2349 τὸ
320 2282 375 2368 μέν
393 2305 420 2348 τι
440 2286 536 2348 αὐτῶν
555 2285 618 2348 ἐστι
636 2286 704 2369 περὶ
723 2281 895 2361 Ὀδυσσέως
913 2282 1076 2369 εἰρημένον,
1096 2287 1130 2348 τὸ
1149 2284 1183 2348 δέ
1200 2285 1269 2369 περί

195 2395 362 2456 αὐτοῦτοῦ
386 2389 586 2475 Ἡρακλέους,
613 2395 647 2455 τὸ
675 2392 707 2455 δὲ
735 2393 802 2476 περί
832 2401 885 2455 τοῦ
914 2390 1063 2476 Πριάμου,
1086 2395 1121 2456 τὸ
1144 2392 1176 2455 δὲ
1200 2393 1269 2476 περί

196 2495 354 2561 Μενελάου
376 2497 429 2559 καί
452 2493 688 2582 Ἀγαμέμνονος.
734 2493 835 2579 Ἀρας
857 2497 890 2559 δὲ
909 2497 996 2579 αὐτὰ,
1015 2498 1068 2559 καί
1086 2496 1118 2560 ἓν
1137 2497 1267 2560 ἕκαστον

196 2603 327 2680 ἀποδοὺς
349 2613 387 2687 τη
410 2601 469 2688 ἰδίᾳ
487 2602 590 2689 βίβλῳ,
609 2603 747 2668 ἐκποδών
769 2603 886 2687 ποιήσει
904 2605 958 2686 τἠν
976 2600 1133 2667 ὑπόδεσιν.
1180 2601 1268 2668 Οίιιω

195 2709 230 2772 δὲ
252 2711 305 2773 καί
322 2709 339 2772 ὁ
357 2713 408 2774 τὸν
430 2709 544 2774 κανδνκ
565 2719 618 2794 της
640 2709 789 2794 ἀληθείας
811 2709 919 2793 ἀκλινῆ
942 2709 976 2773 έν
997 2709 1095 2790 ἑαυτῷ
1114 2707 1266 2793 κατέχων,

195 2817 230 2878 δν
245 2817 294 2878 διὰ
308 2825 361 2880 τοῦ
377 2815 581 2902 βαπτίσματος
592 2815 726 2901 εἴληφεν,
741 2819 779 2880 τὰ
792 2817 846 2901 μέν
861 2817 899 2881 έκ
912 2825 971 2880 τῶν
984 2816 1109 2900 Γραφῶν
1122 2811 1265 2899 δνόματα,

196 2925 313 3000 καὶτὰς
324 2921 428 3004 λέξεις,
440 2926 492 2987 καὶ
503 2927 557 3000 τὰς
569 2923 744 3010 παραβολὰς
754 2923 959 3008 ἐπιγνώσεται,
973 2926 1027 3006 την
1041 2923 1075 2986 δὲ
1090 2922 1267 3008 βλάσφημον

196 3027 344 3094 ὑπόδεσιν
375 3033 472 3094 αὐτῶν
501 3031 558 3094 οὐκ
580 3028 787 3114 ἐπιγνώσεται.
835 3030 897 3094 Καὶ
926 3033 986 3115 γὰρ
1007 3030 1034 3093 εί
1056 3033 1110 3105 τὰς
1136 3029 1267 3112 ψηφῖδας

197 3137 344 3222 γνωρίσει,
376 3137 457 3201 ἀλλά
487 3139 542 3222 τὴν
570 3136 718 3202 ἀλώπεκα
740 3137 805 3202 ἀντί
827 3147 879 3222 της
903 3136 1059 3222 βασιλικῆς
1090 3135 1204 3211 εἰκόνος
1232 3135 1267 3198 οὐ

195 3242 409 3328 παραδέξεται·
433 3244 466 3306 ἓν
489 3245 619 3308 ἕκαστον
641 3244 675 3307 δέ
697 3251 755 3307 τῶν
787 3242 947 3328 εἰρημένων
978 3243 1110 3318 ἀποδοὺς
1140 3251 1176 3325 ιη
1209 3239 1267 3324 ἰδίᾳ

196 3347 287 3432 τάξει,
310 3350 362 3412 καὶ
384 3349 597 3433 προσαρμόσας
618 3356 661 3430 τῷ
683 3359 736 3433 τῆς
758 3348 906 3432 ἀληθείας
936 3348 1088 3432 οωματίῳ,
1116 3344 1266 3432 γυμνώσει

196 3458 249 3518 καὶ
271 3451 475 3520 ἀνυπόστατον
498 3454 636 3533 ἐπιδείξει
657 3459 691 3520 τὸ
714 3455 842 3540 πλίισμα
866 3457 971 3518 αὐτῶν.
999 3491 1001 3502 ι

234 3697 276 3760 (ι)
301 3693 385 3746 Huius
422 3693 570 3747 sententiae
602 3709 703 3746 novum
758 3692 961 3744 monstrandam
981 3691 1132 3745 afferantur.
1188 3692 1264 3745 Haud

197 3795 304 3830 sensum
326 3779 409 3848 aperit
432 3781 475 3842 Εἰς
493 3779 616 3840 ἐπίδειξιν
635 3795 703 3848 quae
757 3777 848 3848 procul
877 3776 1015 3846 igiturest
1039 3778 1153 3847 suspicio
1173 3791 1266 3846 reapse

196 3864 253 3933 ipsa
263 3863 414 3917 titulatione
425 3862 570 3934 praefertur
580 3877 607 3917 ut
618 3883 631 3913 a
642 3881 704 3934 apo·
758 3861 909 3915 huiusmodi
935 3863 1049 3933 symboli
1077 3862 1266 3932 explicationes

199 3947 332 4000 astolicae
360 3947 562 4018 praedicationis
587 3949 705 4002 ostensio
759 3963 804 3999 seu
832 3947 1005 4009 διδασκαλίας
1026 3953 1078 3998 τῶν
1109 3946 1266 3998 ἀποστόλων

199 4051 213 4080 ιι
224 4047 270 4084 seu
288 4033 495 4101 comprobatio»
511 4043 589 4102 atque
608 4043 664 4084 tota
677 4032 704 4084 in
758 4030 963 4084 catechumenos
982 4044 1043 4082 tunc
1062 4030 1170 4082 edoctos
1187 4028 1266 4080 luisse

196 4115 247 4168 hoc
261 4127 299 4168 est
316 4127 344 4168 ut
357 4115 407 4168 loci
424 4115 539 4184 aptiores
553 4115 578 4169 S.
592 4114 704 4186 Scriptu-
760 4113 912 4182 (Csr.ib.7).
941 4115 980 4166 De
988 4114 1111 4184 symbolo
1119 4129 1182 4165 vero
1191 4113 1265 4166 inira.

195 4215 239 4250 rae
268 4199 299 4251 ad
322 4200 466 4270 «regulam
495 4199 637 4252 veritatis»
660 4199 704 4252 de·
794 4200 836 4266 (2)
856 4198 911 4250 Csr.
933 4197 1004 4262 Vlll,
1021 4214 1029 4250 r
1048 4201 1086 4266 (p.
1106 4199 1176 4266 ¹29)-
