3172 5044
523 416 526 421 Ι
556 457 702 506 EXEGESIS
726 457 854 503 IRENAEI
1176 459 1213 526 31

224 656 364 752 Neque
392 654 450 729 his
469 653 714 730 absolvuntur
738 653 1008 752 pretiosissima
1028 654 1098 742 illa,
1121 683 1218 754 quae

148 783 195 856 ad
222 780 262 854 S.
294 779 524 878 Scripturam
553 779 824 856 inlustrandam
860 781 1004 854 confert
1033 781 1099 854 lr.:
1131 808 1217 857 nam

147 925 184 982 et
209 933 274 980 ars
301 909 485 1005 exegetica
515 906 671 980 multum
707 907 793 980 inde
823 907 940 981 iuvari
977 923 1111 1005 potest.
1170 909 1214 982 lr.

147 1033 323 1130 equidem
360 1033 502 1130 primus
538 1057 623 1106 esse
659 1031 809 1106 videtur
845 1057 893 1106 ex
934 1032 1114 1118 Patribus,
1153 1032 1217 1131 qui

147 1157 349 1230 relationes
389 1153 434 1228 U.
469 1155 516 1229 T.
560 1155 745 1253 profunde
787 1155 1017 1240 enodaverit,
1061 1172 1099 1231 et
1140 1183 1217 1230 mo

147 1297 316 1356 mentum
346 1280 391 1353 V.
427 1282 469 1353 L.
506 1282 631 1377 quoad
669 1279 808 1354 Christi
846 1280 1114 1354 revelationem
1146 1282 1216 1355 rite

146 1405 192 1478 sit
210 1420 453 1501 assequutus:
485 1430 597 1502 quam
621 1406 685 1478 sel.
707 1404 854 1502 Legem
874 1430 949 1478 non
978 1419 1018 1478 ut
1046 1405 1215 1479 Marcion

146 1555 189 1604 ac
217 1530 373 1627 quidam
391 1529 506 1604 etiam
526 1556 574 1602 ex
601 1529 794 1603 catholicis
813 1530 997 1627 despexit,
1019 1531 1086 1603 sed
1106 1545 1217 1626 prout

153 1683 170 1724 e
184 1655 404 1728 thesaurum
419 1653 680 1727 absconditum
691 1653 728 1726 in
739 1678 846 1752 agr0,
858 1680 961 1728 cruce
975 1681 1058 1728 vero
1070 1654 1221 1728 Christi

154 1779 426 1852 ‹revelatum›
443 1795 654 1864 veneratus,
678 1794 716 1852 et
734 1777 866 1851 sedulo
886 1793 1141 1874 perscrutatus
1160 1795 1217 1851 est

151 1902 230 2001 [cst.
259 1919 326 1976 tot.
357 1902 418 1976 lib.
450 1902 532 2000 lV].
589 1903 649 1975 Ac
683 1902 816 1976 mirum
852 1919 911 1976 est
942 1929 1017 2001 qua
1054 1903 1217 2001 praecel-

146 2027 238 2100 lenti
271 2026 415 2100 ratione
447 2043 565 2101 totam
600 2028 726 2100 mundi
762 2028 956 2101 historiam
993 2027 1108 2101 veluti
1142 2053 1216 2101 uno

147 2150 221 2225 ictu
251 2152 431 2226 exhibeat
471 2151 560 2225 dum
588 2176 721 2225 omnes
763 2167 898 2250 gentes
934 2177 978 2225 ac
1006 2167 1151 2225 aetates
1178 2151 1216 2225 in

145 2275 288 2373 populo
334 2275 480 2349 ludaico
526 2275 786 2372 recapitulans,
836 2275 950 2350 veluti
1002 2275 1216 2374 aptissimos

145 2402 290 2499 gradus
317 2425 340 2474 a
367 2400 473 2497 lapsu
507 2400 700 2497 primaevo
729 2401 778 2475 ad
808 2400 947 2474 Christi
977 2425 1125 2474 crucem
1154 2402 1215 2474 de-

145 2523 275 2598 scribit
306 2524 386 2620 [csr.
417 2550 450 2596 v.
481 2551 519 2623 g.
551 2524 613 2610 lV,
651 2525 805 2624 11-16].
863 2527 945 2598 Nec
974 2525 1106 2598 minori
1135 2551 1216 2624 per-

143 2647 310 2744 spicacia
337 2647 570 2721 harmoniam
598 2648 691 2720 Evv.
723 2673 768 2722 ac
798 2648 965 2722 omnium
994 2650 1040 2721 N.
1063 2649 1216 2752 Trpar-

144 2775 238 2847 tium
266 2789 491 2871 assequutus
509 2790 568 2846 est
595 2799 638 2846 ac
659 2789 790 2847 contra
809 2773 1062 2858 Marcionitas,
1091 2775 1217 2850 Lucae

143 2915 291 2972 tantum
319 2924 364 2971 ac
392 2897 495 2972 Pauli
519 2898 658 2995 scripta
685 2913 889 2983 servantes,
921 2897 1089 2994 aliosque
1114 2899 1214 2972 Gno-

143 3022 259 3095 sticos
287 3038 439 3095 strenue
464 3021 669 3095 vindicavit
697 3022 778 3118 (cfr.
803 3022 1041 3119 111‚11-12),
1073 3021 1110 3094 in
1140 3047 1216 3118 quo

144 3149 274 3221 labore
312 3147 539 3244 neutiquam,
579 3148 680 3244 quod
719 3147 943 3243 quibusdam
973 3146 1215 3244 scriptoribus

146 3272 296 3369 placuit,
327 3297 458 3345 eorum
485 3270 650 3345 indolem
677 3297 722 3344 ac
751 3272 974 3369 praesertim
1003 3271 1106 3345 Pauli
1135 3297 1215 3369 per-

144 3421 275 3494 peram
310 3394 500 3480 intellexit,
531 3395 592 3469 vel
621 3395 734 3470 etiam
763 3392 995 3493 despexit.(¹)
1050 3397 1212 3482 Etenim,

145 3536 186 3592 ut
215 3523 262 3594 de
291 3518 407 3593 Paulo
426 3536 571 3594 tantum
589 3520 798 3616 loquamur,
822 3518 922 3593 nulla
945 3522 1215 3595 sententiarum

145 3643 385 3741 oppositione
412 3645 511 3718 hunc
539 3645 588 3718 ab
616 3645 661 3718 lr.
692 3642 862 3728 discindi,
885 3644 1082 3719 acatholici
1102 3646 1215 3720 etiam

146 3767 263 3842 critici
300 3768 545 3854 vindicarunt,
585 3768 649 3866 qui
678 3767 794 3842 immo
823 3767 860 3841 in
891 3795 936 3843 eo
965 3769 1032 3843 toti
1061 3787 1147 3843 sunt
1175 3787 1217 3843 ut

217 4009 259 4074 (r)
277 4005 413 4070 Wrnuen,
425 4005 480 4060 Der
492 4005 664 4060 Paulinismus
679 4006 789 4072 irenaei,
809 4006 889 4077 1889;
906 4007 934 4060 in
947 4007 1031 4077 prima
1042 4019 1115 4078 parte
1125 4019 1216 4060 tamen

144 4090 346 4246 ffipssqggpqs.
384 4089 438 4144 Cir.
456 4090 587 4160 lutrense
607 4091 707 4161 [llseol.
728 4089 794 4161 Litq.
818 4091 913 4161 1890];
928 4093 1105 4145 Borvvvurscu
1119 4090 1215 4160 [ilreol.
