3230 5062
319 466 379 532 170
586 463 1090 512 ·1RENAE1ADVERSUSHAERESES
1175 461 1381 531 [x11,4-X111,1

314 675 439 748 propter
463 659 523 726 hoc
544 659 708 727 Christum
727 661 834 726 vocari
849 684 924 727 eum
943 658 1061 742 dicunt,
1081 661 1181 725 Patris
1204 661 1263 741 sui,
1283 684 1301 726 a
1319 683 1384 749 quo

313 770 449 835 emissus
462 784 519 849 est,
532 764 760 834 custodientem
773 766 1062 856 appellationenr.(¹)
1108 767 1170 833 Alii
1183 783 1287 833 autem
1300 784 1384 849 sunt,

314 875 365 962 qui
391 875 495 962 ipsum
515 875 722 962 Propatorem
737 875 894 956 omnium,
911 891 942 940 et
957 874 1147 955 Proarchen,
1170 889 1200 940 et
1224 875 1385 942 Proanen-

314 991 432 1048 noeton
456 979 644 1068 Anthropon
667 979 774 1047 dicunt
797 983 919 1048 vocari:
945 997 975 1048 et
998 980 1059 1047 hoc
1083 1003 1151 1046 esse
1175 1003 1328 1069 magnum
1352 1001 1385 1050 et

313 1085 532 1154 absconditum
551 1086 750 1173 mysterium,
765 1088 917 1175 quoniam
932 1109 1012 1175 quae
1027 1103 1074 1152 est
1090 1087 1302 1174 superomnia
1320 1089 1385 1153 vir-

311 1212 374 1275 tus
394 1211 424 1259 et
443 1193 582 1260 continet
601 1194 719 1275 omnia,
739 1192 922 1282 Anthropos
945 1210 1090 1259 vocatur:
1111 1210 1141 1258 et
1160 1192 1231 1260 ideo
1251 1192 1312 1260 hoc
1333 1195 1386 1260 Fi·

314 1301 391 1367 lium
416 1300 556 1367 hominis
580 1323 613 1366 se
636 1299 739 1367 dicere
763 1299 1011 1367 Salvatorem.(²)

381 1514 459 1581 Cae.
473 1513 559 1580 XIII.
602 1511 789 1603 [WH.VII‚
806 1512 845 1603 r].
886 1514 986 1594 Quae
998 1533 1053 1579 ssa
1062 1533 1288 1580 conversano
1301 1534 1385 1580 reso-

313 1641 381 1687 num
393 1640 435 1684 rr
447 1639 537 1693 Quas
549 1639 605 1685 esr
618 1640 793 1687 froomrro
806 1619 954 1686 vrsano)
999 1619 1089 1685 Alius
1106 1641 1182 1686 vero
1197 1619 1326 1707 quidam
1345 1643 1383 1686 ex

313 1729 372 1810 his,
396 1729 449 1816 qui
474 1744 546 1795 sunt
568 1729 648 1815 apud
668 1752 734 1810 eos,
755 1729 898 1817 magistri
917 1727 1153 1795 emendatorem
1175 1751 1209 1795 se
1228 1752 1297 1796 esse
1314 1729 1385 1818 glo-

313 1835 396 1900 rians
417 1834 561 1922 (Marcus
569 1835 602 1889 (4)
621 1851 668 1901 est
687 1851 791 1902 autem
808 1834 852 1900 illi
869 1834 1015 1924 nomen),
1032 1837 1173 1923 magicae
1192 1837 1384 1923 imposturae

312 2029 421 2094 αὐτόν·
444 2032 497 2094 καὶ
511 2032 561 2093 διὰ
575 2039 662 2094 τοῦτο
677 2031 810 2115 Χριστὸν
826 2031 974 2115 λέγεσθαι
989 2033 1089 2115 αὐτὸν,
1108 2034 1162 2116 τὴν
1180 2041 1232 2097 τοῦ
1252 2031 1382 2117 nataae,

311 2135 364 2221 ἀρ’
377 2138 412 2202 οὐ
423 2135 610 2223 προεβλήθη,
645 2135 829 2216 διασώζονται
860 2137 1073 2222 προσηγορίαν.
1127 2137 1241 2203 Ἀλλοι
1275 2137 1381 2204 bb...

312 2263 460 2319 rtve;....
478 2246 529 2308 τὸν
544 2242 726 2328 Προπέιτοριι
748 2251 807 2308 τῶν
829 2243 917 2326 ὅλων,
941 2246 994 2308 καὶ
1017 2243 1191 2330 Προᾶιρχην,
1215 2246 1269 2310 καὶ
1283 2245 1383 2328 Προοι-

311 2348 465 2432 νεννὸητον
476 2348 662 2434 Ἄνθρωπον
677 2347 799 2433 λέγουσι
815 2348 996 2413 καλεῖσθαι·
1012 2352 1065 2414 καὶ
1079 2349 1160 2414 τοῦτ’
1173 2352 1291 2416 εἶναιτὸ
1303 2350 1383 2436 μέγα

311 2457 364 2518 καὶ
379 2454 552 2538 ἀπόκρυφον
572 2455 740 2541 μυστήριον,
757 2455 836 2539 ὅτιή
855 2456 932 2540 ὑπὲρ
950 2459 988 2520 τὰ
1005 2456 1064 2521 ὅλα
1082 2455 1203 2542 δύναμις
1221 2459 1274 2522 καὶ
1292 2457 1382 2542 ἐμπε-

311 2565 445 2647 ριεκτικη
465 2573 522 2626 τῶν
541 2562 658 2628 πάντων
681 2562 867 2650 Ἀνθρωπος
884 2563 1036 2629 καλεῖται·
1061 2567 1114 2629 καὶ
1136 2566 1185 2628 διὰ
1205 2575 1294 2630 τοῦτο
1312 2565 1381 2630 Itan

311 2668 474 2753 ἀνθρώπου
494 2671 601 2734 ἑαυτὸν
618 2669 718 2756 λέγειν
737 2674 787 2735 τὸν
805 2671 944 2756 Σωτῆρα.

379 2882 465 2965 XIII,
491 2903 516 2948 1.
563 2883 701 2968 (Μάρκος
724 2883 757 2948 δέ
776 2906 836 2961 τις.
849 2933 856 2948 .
869 2933 897 2948 ..
917 2889 978 2948 απὸ
997 2885 1145 2950 τούτων..
1158 2935 1184 2951 ..
1204 2886 1312 2970 γύναια
1329 2889 1382 2950 καὶ

310 2991 420 3074 ἄνδρας
443 2989 600 3055 ὑπἀὐτοῦ
632 2988 921 3074 bertherium...
946 2990 1128 3076 ἐπηγάγετο,
1153 2991 1341 3077 ὑποληφθεὶς
1364 2992 1380 3056 ὁ

311 3095 441 3174 ἐλεεινὸς
460 3097 627 3180 διορθωτης
642 3097 716 3160 εἶναι
732 3103 790 3160 τῶν
806 3094 1024 3182 προειρημένων
1040 3096 1233 3180 ἀπατεώνων,
1250 3108 1381 3184 μαγικῆς

348 3271 390 3338 (r)
409 3268 463 3322 Cfr,
483 3269 623 3322 Tarsum.
646 3282 687 3338 39.
873 3269 958 3338 prima
987 3282 1079 3323 tamen
1107 3283 1180 3340 gesta
1209 3271 1236 3323 in
1256 3269 1320 3324 Asia
1347 3288 1380 3324 ex

348 3357 390 3424 (2)
409 3353 511 3406 Similia
541 3353 632 3406 tribuit
659 3353 819 3406 Crenmttus
874 3353 888 3422 ξ
922 3367 932 3418 5
966 3353 1043 3406 huius
1074 3354 1168 3424 capitis
1189 3353 1379 3408 coniiciuntur:

312 3438 506 3508 Anthropianis
519 3439 568 3508 (ep.
582 3438 615 3489 ad
629 3437 745 3490 Iubaian.
759 3451 774 3506 7
777 3438 818 3505 3);
874 3437 950 3489 ΖΛΗΝ
965 3455 1050 3507 syrum
1064 3453 1124 3491 eum
1138 3435 1199 3492 facit
1214 3455 1248 3492 ex
1267 3439 1379 3492 aramai-

312 3539 404 3574 verum
424 3521 509 3591 aptius
529 3521 589 3574 huic
608 3520 727 3590 opinioni
746 3519 819 3573 colli·
874 3521 911 3573 cis
930 3521 1022 3591 quibus
1042 3521 1123 3574 utitur
1142 3521 1270 3587 formulis,
1284 3533 1310 3576 at
1326 3540 1379 3576 non

311 3617 389 3676 gutur
407 3605 527 3658 doctrina
546 3604 704 3674 Apollinarii
724 3604 756 3657 de
771 3603 820 3656 thr·
874 3603 1031 3670 necessario,
1057 3617 1085 3658 ut
1110 3605 1228 3670 videtur;
1260 3605 1379 3660 Hreuort.

312 3689 417 3742 audrico
436 3688 535 3741 Christi
554 3701 656 3744 natura.
875 3691 913 3758 (in
933 3688 984 3742 Iso.
1002 3688 1097 3754 LXIV,
1121 3696 1151 3758 4)
1175 3692 1314 3762 aegyptium
1334 3707 1379 3744 vo·

350 3776 392 3842 (3)
405 3773 458 3827 cfr.
474 3792 497 3844 p.
512 3773 569 3838 168,
582 3785 638 3827 not.
656 3789 677 3838 1;
696 3775 760 3827 haec
781 3773 819 3826 in·
874 3785 924 3837 cat,
944 3785 971 3827 at
989 3790 1022 3827 ex
1041 3773 1195 3829 confusione
1214 3792 1273 3828 cum
1290 3775 1380 3828 Marco

314 3859 422 3930 scriptio
441 3859 521 3911 etiam
537 3875 608 3928 seqq.
628 3858 657 3927 §S
677 3857 766 3911 afficit.
874 3857 990 3910 manich,
1006 3857 1103 3929 dequo
1116 3859 1190 3929 plura
1205 3869 1310 3912 enarrat
1323 3857 1380 3912 Sul-

348 3943 390 4011 (4)
410 3943 450 3996 De
465 3943 515 3995 hoc
535 3943 626 3995 Marco
644 3943 734 3995 omnia
753 3958 820 4013 quae
874 3941 956 4011 picius
983 3941 1103 3996 Severus.
1152 3943 1232 4005 Quod
1264 3956 1379 3996 aetatem

311 4028 435 4081 novimus
446 4028 478 4079 ab
488 4026 598 4079 Irenaeo
612 4025 819 4096 suppeditantur,
874 4038 974 4097 spectat
989 4043 1040 4096 qua
1053 4027 1157 4091 vixerit,
1176 4027 1209 4080 Ir.
1225 4027 1333 4098 quidem
1347 4027 1380 4080 de

310 4111 517 4164 exscribentibus
545 4110 691 4181 Hippolyto
713 4121 739 4162 et
757 4108 819 4180 Epi·
873 4127 906 4163 eo
918 4110 1034 4181 quuitur
1048 4121 1185 4182 tamquam
1198 4113 1284 4166 adhuc
1298 4113 1326 4166 in
1341 4111 1379 4164 vi-

284 4193 288 4202 '
312 4197 418 4266 phanio.
456 4195 543 4248 Patria
572 4195 641 4248 illius
668 4195 818 4264 ignoratur:
873 4194 913 4247 vis
928 4205 1009 4259 esset;
1029 4207 1055 4248 at
1075 4195 1101 4247 id
1120 4196 1207 4266 potius
1225 4213 1258 4250 ex
1277 4196 1380 4251 ratione
