3172 5044
261 455 408 500 HISTORIA
428 453 571 500 Gnoseos
588 454 621 500 nt
640 453 781 500 IRENAEO
801 453 926 498 CRlTiCE
946 450 1150 499 EXPENDITUR
1198 454 1238 519 39

168 555 919 562 ———-—---—-.——-——--————-
1195 556 1241 563 —.

164 651 386 732 Ptolemaei,
409 649 473 748 qui
493 677 523 724 c.
546 651 674 724 1-V111
694 650 925 735 describitur,
947 677 995 724 ex
1016 649 1152 749 duplici
1180 653 1241 726 vel

164 774 282 849 etiam
312 774 445 872 triplici
466 776 777 849 documentorum
797 777 893 850 serie
914 790 1152 873 compactum
1172 777 1240 850 de·

163 899 436 998 prehenditur;

304 1022 342 1128 b)
385 1025 556 1099 ordinem
598 1027 778 1123 temporis
820 1050 895 1123 quo
938 1026 1115 1099 haereses
1156 1051 1239 1122 pro·
1333 1027 1336 1034 ’

164 1165 375 1234 cesserunt,
413 1150 463 1224 ad
496 1175 662 1248 unguem
691 1176 765 1224 non
795 1167 929 1234 servat,
961 1176 1004 1223 ac
1033 1151 1083 1223 ita
1116 1149 1166 1234 fit,
1199 1167 1239 1224 ut

166 1299 246 1347 non
274 1276 375 1349 bene
402 1274 628 1372 percipiatur
656 1275 692 1348 in
721 1300 837 1371 opere
874 1276 918 1347 Ir.
950 1300 1025 1373 quo
1059 1275 1239 1373 ligamine

165 1398 269 1473 inter
303 1425 345 1476 se
383 1399 657 1474 haereticorum
689 1416 902 1473 commenta
936 1415 1133 1474 nectantur
1170 1425 1239 1472 nec

164 1549 271 1621 quae
301 1523 408 1597 suerit
436 1525 637 1621 primaeva,
672 1550 770 1621 quae
807 1523 993 1598 recentior
1025 1525 1152 1622 imago
1182 1549 1240 1619 sy·

164 1647 361 1720 sternatis:
394 1648 516 1745 igitur,
548 1647 705 1745 singulis
733 1673 906 1745 quaeque
926 1649 1002 1721 suis
1024 1646 1239 1721 auctoribus

165 1771 404 1855 adiudicatis,
431 1788 511 1845 arte
532 1772 657 1846 critica
676 1789 764 1846 sunt
783 1774 994 1870 fragmenta
1014 1772 1049 1846 in
1071 1772 1240 1846 diversas

163 1910 316 1970 aetates
344 1895 479 1992 quibus
498 1895 717 1994 prodierunt
745 1896 1024 1982 distribuenda;

305 2024 339 2118 c)
378 2020 529 2095 demum
567 2022 612 2094 Ir.
648 2015 756 2095 mens
792 2023 860 2095 suit
897 2037 1041 2096 tantum
1080 2021 1242 2096 exterio-

167 2170 251 2218 rem
281 2145 496 2242 systematis
531 2146 663 2220 iaciem
701 2146 859 2220 fideliter
896 2147 1119 2228 describere,
1151 2146 1241 2242 quin

166 2269 297 2342 eidem
317 2295 406 2344 cura
425 2270 574 2343 intimas
593 2271 810 2368 opinionum
835 2271 979 2344 radices
1003 2272 1239 2367 perscrutari,

166 2421 217 2468 ac
246 2396 544 2493 psychologicaS,
577 2421 673 2493 quae
706 2396 890 2480 dicuntur,
914 2396 1079 2470 rationes
1104 2421 1243 2470 nexus-

168 2544 247 2616 que
276 2518 469 2617 percipere
496 2545 566 2617 per
593 2547 686 2616 quas
723 2521 771 2592 ad
800 2521 893 2594 haec
928 2536 1141 2594 commenta
1178 2545 1240 2592 au-

168 2660 298 2718 ctores
324 2644 575 2742 pervenerint.
634 2644 721 2739 Quo
750 2645 791 2719 fit
810 2662 861 2730 ut,
892 2647 1099 2720 accedente
1129 2646 1242 2718 etiam

168 2767 310 2840 veteris
353 2767 565 2864 interpretis
606 2768 748 2842 incuria
789 2794 832 2845 ac
870 2794 1044 2842 sermone
1081 2769 1242 2841 barbaro

171 2892 294 2977 nimis,
312 2891 417 2965 arida
431 2918 624 2991 persaepe,
645 2894 877 2967 absurditate
893 2893 1117 2991 fastidioque
1132 2893 1243 2991 plena

170 3041 218 3090 ea
246 3015 456 3100 videantur,
487 3042 585 3114 quae
606 3018 770 3091 intimius
790 3034 1033 3114 perscrutata,
1065 3045 1149 3090 cum
1179 3043 1244 3090 ae-

171 3141 261 3214 tatis
276 3165 319 3213 ac
340 3140 531 3213 hominum
560 3141 714 3240 ingenio
734 3139 878 3226 collata,
902 3140 1060 3214 naturali
1080 3140 1243 3237 quadam

174 3263 399 3338 necessitate
418 3265 581 3352 effluere,
605 3266 847 3364 sublimisque
867 3267 1059 3340 cniusdam
1080 3265 1244 3362 philoso-

174 3387 287 3487 phiae
307 3406 345 3462 et
363 3397 524 3486 poeseos
543 3390 704 3465 culmina
732 3392 919 3490 attingere
939 3391 1122 3463 videntur.
1180 3390 1244 3461 Ad

175 3513 248 3586 hoc
277 3512 472 3612 negotium
500 3515 630 3588 sedula
659 3532 746 3590 sunt
774 3541 885 3590 manu
916 3514 1128 3613 colligenda
1147 3539 1243 3612 quae

174 3637 276 3734 apud
297 3636 391 3711 alios
409 3655 592 3724 auctores,
615 3638 895 3714 Alexandrinos
923 3639 1155 3736 praesertim,
1178 3639 1245 3710 ho-

175 3786 257 3833 rum
278 3779 575 3838 commentorum
591 3765 777 3850 concives,
794 3765 841 3838 de
861 3765 970 3864 gnosi
990 3789 1034 3837 ac
1054 3763 1247 3837 Gnosticis

174 3884 382 3970 traduntur,
397 3911 443 3960 ex
459 3887 594 3984 quibus
609 3887 741 3961 saitem
757 3888 944 3962 criterium
960 3886 1104 3960 desumi
1120 3901 1246 3984 potest

175 4009 225 4081 ad
252 4027 393 4082 rectam
429 4012 563 4085 horum
604 4038 700 4109 quae
730 4014 777 4086 ab
806 4013 851 4084 Ir.
897 4013 1093 4085 traduntur
1135 4011 1280 4110 inter--

176 4132 437 4229 pretationem.
496 4136 665 4232 Ennqua
704 4135 849 4209 ratione
887 4135 1029 4233 optima
1058 4133 1249 4208 elementa.
1301 4125 1303 4128 ’
