3172 5044
129 419 160 488 (1,
182 421 230 491 1.)]
556 425 646 473 muna
667 427 782 474 numus
1153 429 1196 493 79

129 615 331 706 Propatorem
346 617 438 684 illum
454 619 555 685 coisse
578 616 752 685 secundum
768 620 1023 708 coniugatiouem
1042 639 1116 686 suae
1133 619 1197 685 En-

128 745 231 804 nome,
247 723 279 791 id
295 741 343 790 est
359 724 552 812 cogitationi,
567 747 663 812 quam
680 725 821 792 Gratiam
838 741 868 791 et
884 724 1050 792 Silentium
1065 742 1195 793 vocant:

129 829 334 919 Unigenitum
352 847 470 914 autem,
495 831 555 898 hoc
578 849 625 899 est
644 833 730 914 Nun,
749 831 902 912 Alethiae,
921 831 953 900 id
972 849 1018 899 est
1044 833 1195 899 Veritati:

127 935 237 1024 Logon
250 954 357 1004 autem
370 939 464 1020 Zoae,
476 937 507 1004 id
524 954 571 1005 est
586 939 695 1006 Vitae:
709 954 739 1006 et
751 937 940 1026 Anthropon
957 962 1031 1012 cum
1046 939 1195 1006 Ecclesia.

190 1063 221 1108 2.
246 1043 316 1110 Hos
338 1059 442 1110 autem
467 1045 593 1110 Aeonas
620 1045 654 1110 in
678 1045 813 1133 gloriam
837 1044 939 1111 Patris
969 1037 1114 1128 emissos,
1138 1067 1197 1110 vo-

125 1149 220 1218 lentes
245 1167 277 1216 et
300 1151 386 1238 ipsos
412 1149 452 1217 de
479 1173 538 1216 suo
569 1149 737 1218 clarificare
760 1151 899 1231 Patrem,
922 1152 1066 1217 emisisse
1100 1153 1198 1218 emis-

124 1257 227 1323 siones
247 1259 281 1324 in
300 1258 536 1346 coniugatione;
554 1258 668 1346 Logon
691 1256 819 1346 quidem
839 1274 870 1324 et
886 1259 971 1324 Zoen
990 1275 1194 1346 posteaquam

123 1364 258 1436 emissus
273 1379 322 1430 est
336 1364 445 1430 Homo
469 1379 501 1430 et
515 1363 664 1443 Ecclesia,
676 1364 797 1436 ¹alteros
820 1362 930 1430 decem
953 1364 1091 1446 Aeonas,
1116 1387 1196 1453 quo-

124 1495 191 1538 rum
221 1472 353 1538 nomina
381 1470 490 1537 dicunt
518 1469 613 1537 haec:
642 1469 774 1564 Bythius
797 1486 828 1536 et
852 1471 958 1554 Mixis,
982 1473 1138 1559 Ageratos
1163 1487 1196 1536 et

122 1577 272 1658 Henosis,
286 1575 474 1664 Autophyes
501 1593 531 1642 et
545 1574 688 1657 Hedone,
703 1576 855 1642 Acinetos
874 1593 904 1642 et
929 1575 1105 1664 Syncrasis,
1121 1577 1196 1643 Mo·
1272 1643 1275 1651 ,

122 1707 264 1771 nogenes
287 1699 318 1749 et
345 1683 493 1750 Macaria.
543 1683 584 1748 Hi
614 1681 724 1750 decem
747 1685 885 1763 AeoneS,
907 1706 988 1772 quos
1017 1683 1125 1750 dicunt
1155 1707 1195 1750 ex

121 1789 211 1879 Logo
231 1806 264 1856 et
279 1791 343 1855 Zoe
362 1792 508 1856 emissos.
547 1789 739 1878 Anthropon
757 1806 863 1856 autem
878 1805 909 1857 et
927 1791 1031 1879 ipsum
1051 1792 1195 1858 emisisse

121 1917 193 1961 cum
208 1893 349 1961 Ecclesia
360 1895 488 1960 Aeonas
499 1892 678 1977 duodecim,
698 1896 810 1982 quibus
829 1897 958 1962 nomina
970 1896 1045 1962 haec
1061 1895 1194 1963 donant:

121 2003 341 2070 Paracletuset
349 2003 454 2084 Pistis,
462 2001 603 2069 Patricos
615 2019 646 2068 et
654 2002 751 2090 Elpis,
761 2003 912 2069 Metricos
921 2019 950 2069 et
958 2005 1077 2090 Agape,
1087 2005 1195 2069 Aenos

120 2127 150 2175 et
160 2109 306 2196 Synesis,
318 2109 555 2176 Ecclesiasticus
569 2125 600 2176 et
612 2109 811 2190 Macariotes,
823 2109 976 2177 Theletos
989 2127 1019 2176 et
1031 2109 1196 2198 Sophiae>

118 2325 260 2408 ἡνῶσθαι
277 2327 359 2388 κατὰ
375 2323 519 2408 συζυγίαν
533 2333 571 2408 τῇ
589 2322 698 2387 ἑαυτοῦ
718 2321 857 2408 Ἐννοία·
903 2327 955 2387 τὸν
973 2324 1007 2387 δὲ
1027 2322 1195 2408 Μονογενῆ,

117 2429 255 2496 τουτέστι
277 2433 329 2492 τὸν
352 2428 444 2511 Νοῦν,
467 2437 506 2514 τῇ
529 2427 701 2512 Ἀληθείᾳ·
726 2431 777 2492 τὸν
800 2428 833 2492 δὲ
857 2428 958 2514 Λόγον
981 2439 1019 2514 τῇ
1042 2429 1123 2514 Ζωῇ,
1143 2431 1196 2492 καὶ

117 2541 168 2602 τὸν
191 2537 381 2622 Ἄνθρωπον
403 2545 440 2620 τῇ
464 2531 645 2620 Ἐκκλησία.

188 2663 220 2708 2.
247 2643 379 2719 Tomoe
401 2643 435 2706 δὲ
457 2646 528 2718 τοὺς
549 2642 670 2719 Αἰῶνας
693 2643 734 2717 εἰς
757 2639 845 2719 δόξαν
868 2650 921 2705 τοῦ
945 2641 1064 2726 Πατρὸς
1086 2642 1192 2730 προβε-

116 2751 298 2837 βλημέναις,
322 2749 525 2836 βουληθέντας
547 2751 601 2813 καὶ
623 2751 730 2826 αὐτοὺς
753 2749 802 2813 διὰ
824 2758 877 2813 τοῦ
902 2748 974 2812 ἰδίου
997 2748 1120 2826 δοξάσαι
1143 2755 1195 2814 τὸν

118 2857 257 2942 Πατέρα,
282 2855 441 2942 προβαλεῖν
463 2855 614 2942 προβολὰς
636 2855 668 2919 ἐν
690 2855 835 2940 συζυγίᾳ·
859 2859 909 2921 τὸν
937 2857 992 2940 μέν
1019 2855 1121 2941 Λόγον
1141 2860 1194 2921 καὶ

115 2971 172 3052 την
196 2967 298 3048 bonu,
321 2967 397 3048 μετὰ
418 2966 452 3028 τὸ
474 2962 684 3049 προβαλέσθαι
702 2967 753 3027 τὸν
771 2961 960 3048 Ἄνθρωπον
977 2965 1030 3026 καὶ
1048 2965 1101 3047 τὴν
1121 2962 1195 3028 Ἐκ-

114 3072 262 3160 ιιλησίαν,
285 3070 395 3147 ἄλλους
418 3069 494 3134 δέκα
518 3071 646 3154 Almana,
665 3073 706 3134 ὧν
724 3074 762 3135 cla
781 3068 915 3155 ὀνόματα
937 3069 1061 3153 λέγουσι
1080 3079 1191 3134 ταῦτα·

116 3181 236 3256 utute:
247 3180 301 3242 >aul
314 3176 409 3260 Μῑξις,
427 3175 597 3263 Ἀγήρασος
608 3180 660 3242 καὶ
673 3177 813 3257 Ἕνωσις,
826 3178 987 3261 Αὐτσρυὴς
1000 3179 1052 3240 καὶ
1068 3176 1192 3260 Ἡδονὴ,

115 3289 285 3372 Ἀκίνητος
295 3288 348 3350 καὶ
358 3285 539 3372 Σύγκρασις,
555 3285 728 3371 Μονογενὴς
744 3287 796 3350 καὶ
812 3283 973 3369 Μακαρία
1020 3288 1101 3348 οὗτοι
1117 3283 1193 3348 δέκα

115 3397 247 3476 amm,
263 3395 314 3469 οὓς
328 3393 494 3477 φάσκουσιν
513 3393 551 3458 ἐκ
566 3390 669 3477 Λόγου
682 3394 735 3455 καὶ
753 3391 840 3475 Zama
855 3391 1092 3478 προβεβλῆσθαι.
1131 3389 1193 3454 Τὸν

114 3503 149 3566 δὲ
165 3499 356 3584 Ἄνθρωπον
367 3500 420 3562 καὶ
432 3500 522 3563 αὐτὸν
536 3497 697 3584 προβαλεῖν
711 3499 787 3580 μετὰ
802 3506 855 3582 τῆς
870 3495 1058 3581 Ἐκκλησίας
1073 3497 1193 3572 Αἰῶνας

113 3607 250 3687 diadem,
274 3608 317 3683 οἶς
338 3615 433 3669 ταῦτα
455 3609 492 3669 τὰ
515 3605 647 3689 ὀνόματα
668 3604 858 3689 χαρίζονται·
915 3603 1117 3688 Παρέκλητος
1139 3605 1193 3666 καὶ

115 3716 237 3794 Πίστις,
262 3711 413 3796 Πατρικὺς
434 3715 487 3776 καὶ
510 3709 627 3792 Ἐλπὶς,
650 3708 802 3797 Μητρικὸς
824 3713 877 3775 καὶ
896 3709 1033 3794 Ἀγαπη,
1054 3707 1192 3784 ’Aeliam

111 3817 594 3904 καὶΣὺνεσις,Ἐκκλησιαστικος
602 3819 654 3881 καὶ
662 3815 1009 3902 Μακαριότης,Θελητὸς
1018 3819 1070 3880 καὶ
1079 3815 1190 3900 Σοφία·

151 3989 197 4059 (ι)
218 3986 249 4040 ln
261 3987 353 4040 schola
365 3985 460 4038 orient.
472 3983 630 4056 [PhilosllL
684 3983 731 4055 <ex
743 3999 780 4038 es.
795 3983 879 4037 Τειιτ.
894 3985 910 4038 l.
924 4001 956 4048 c.;
973 3984 1119 4037 Puitasau.
1133 3995 1192 4046 etc„

116 4072 219 4143 11‚29]
233 4069 481 4124 NousetAlctheia
494 4069 629 4134 decadem,
684 4069 863 4123 duodecadem
877 4080 938 4122 ante
951 4067 1099 4134 decadem).
1137 4067 1192 4120 No·

112 4153 481 4226 LogosetZoeduodecadem
490 4167 629 4224 procreant
683 4154 756 4208 mina
779 4153 906 4207 curiosius
931 4151 1084 4224 investigari
1109 4151 1193 4206 mitti-
