3238 5090
344 513 409 578 422
634 515 762 560 musam
785 515 945 561 ADVERSUS
969 515 1124 562 Haereses
1236 512 1346 582 [XXIV,
1363 513 1413 580 5-6

342 727 435 788 smus,
459 727 500 772 ετ
523 727 709 788 vocauuns,
729 728 770 772 rr
792 727 944 774 sumus.
992 707 1076 788 Quis
1099 708 1183 772 enim
1201 705 1350 774 concedat
1369 709 1414 772 eis

343 833 468 880 ccccxv
476 829 598 879 tantum
611 813 644 867 (¹)
655 813 721 880 dies
734 811 846 880 habere
854 836 983 895 annum,
993 830 1026 879 ut
1036 815 1098 880 sint
1109 812 1277 880 duodecim
1288 836 1414 879 menses

343 944 360 986 e
379 920 505 1007 triginta
528 917 637 986 diebus
660 921 693 984 in
715 936 827 1008 typum
851 916 1018 985 duodecim
1039 920 1197 1001 Aeonum,
1221 916 1368 985 dissimili
1383 935 1414 984 et

341 1044 421 1112 typo
439 1025 625 1096 exsistente?
671 1025 736 1090 Illic
756 1025 840 1090 enim
861 1026 1074 1113 unusquisque
1089 1026 1238 1091 Aeonum
1253 1024 1415 1113 trigesima

343 1154 413 1218 pars
437 1147 484 1198 est
507 1132 646 1197 universi
665 1131 862 1213 Pleromatis,
883 1131 1001 1197 mensis
1017 1146 1122 1197 autem
1140 1128 1326 1197 duodecima
1341 1153 1415 1218 pars

345 1238 417 1304 anni
441 1236 478 1302 ab
501 1238 577 1325 ipsis
593 1260 660 1304 esse
679 1237 801 1304 dicitur.
848 1237 881 1304 Si
904 1235 1031 1326 quidem
1054 1260 1154 1303 annus
1170 1237 1203 1304 in
1226 1236 1351 1325 triginta
1367 1235 1417 1303 di-

346 1342 511 1424 videretur,
524 1361 555 1411 et
570 1344 689 1410 mensis
704 1345 735 1410 in
751 1343 930 1426 duodecim,
942 1345 1132 1410 conveniens
1147 1360 1306 1430 putaretur
1320 1360 1416 1432 typus

345 1473 413 1517 esse
428 1450 593 1517 mendacio
605 1473 727 1516 eorum.
774 1452 868 1518 Nunc
883 1467 998 1532 autem,
1008 1451 1039 1516 in
1055 1451 1258 1531 contrarium,
1268 1450 1416 1516 Pleroma

344 1556 473 1644 quidem
495 1579 607 1623 eorum
631 1558 663 1623 in
686 1557 812 1645 triginta
831 1554 990 1638 dividitur,
1009 1580 1079 1645 pars
1098 1573 1204 1624 autem
1222 1558 1290 1623 eius
1313 1558 1417 1646 aliqua

345 1664 377 1729 in
400 1663 583 1731 duodecim:
608 1663 657 1730 hic
681 1681 786 1731 autem
821 1664 927 1730 omnis
950 1662 1077 1752 quidem
1114 1687 1214 1730 annus
1238 1664 1270 1729 in
1294 1662 1367 1754 [x]n
1382 1665 1418 1716 (²)

342 1768 491 1836 dividitur
514 1785 627 1858 parteS,
643 1793 713 1857 pars
736 1787 841 1836 autern
858 1773 926 1836 eius
944 1770 1045 1857 aliqua
1065 1771 1097 1836 in
1112 1770 1249 1858 triginta.
1294 1769 1418 1834 Insulse

343 1877 447 1964 itaque
471 1876 614 1942 Salvator
634 1899 778 1942 mensem
795 1873 924 1964 quidem
943 1877 1081 1942 universi
1100 1875 1287 1942 Pleromatis
1302 1892 1423 1962 typum

346 1980 417 2047 fecit
439 1980 517 2063 fieri,
541 2005 659 2048 annum
683 1999 798 2063 autem,
822 1983 890 2048 eius
912 2004 991 2069 quae
1014 1983 1046 2047 in
1071 1981 1249 2048 Pleromate
1267 1999 1315 2046 est
1335 1980 1420 2048 duo-

343 2084 482 2154 decadis:
507 2089 608 2175 magis
627 2088 712 2154 enim
728 2085 932 2154 conveniebat
948 2110 1067 2154 annum
1090 2087 1217 2175 quidem
1237 2087 1269 2153 in
1288 2089 1419 2174 triginta

343 2193 493 2274 dividere,
518 2195 597 2261 sicut
619 2211 650 2262 et
672 2212 775 2262 totum
800 2195 961 2277 Pleroma;
985 2217 1128 2262 mensem
1152 2212 1257 2260 autem
1281 2196 1314 2261 in
1335 2193 1420 2261 duo-

343 2299 459 2383 decim,
479 2301 559 2367 sicut
582 2317 611 2367 et
635 2316 708 2367 sunt
731 2301 764 2367 in
787 2301 967 2368 Pleromate
990 2323 1100 2367 eorum
1125 2303 1262 2368 Aeones.
1309 2301 1347 2366 Et
1371 2301 1419 2367 illi

344 2407 471 2494 quidem
495 2431 591 2474 omne
615 2408 761 2474 Pleroma
785 2409 816 2474 in
841 2425 904 2474 tres
926 2405 1081 2488 dividunt,
1104 2404 1136 2473 id
1155 2424 1211 2487 est,
1231 2409 1263 2474 in
1287 2423 1420 2474 octona-

343 2515 477 2596 tionem,
501 2532 531 2580 et
554 2514 715 2594 decadem,
734 2531 764 2580 et
786 2511 1011 2581 duodecadem.
1057 2515 1118 2580 Hic
1141 2531 1248 2580 autem
1271 2537 1371 2580 annus
1383 2516 1419 2580 in

343 2637 477 2708 quatuor
498 2621 658 2703 dividitor,
682 2619 713 2687 id
737 2637 794 2703 est,
814 2644 959 2701 vernum,
982 2637 1142 2702 aestatem,
1166 2637 1365 2696 autumnum,
1386 2639 1420 2688 et

343 2725 494 2792 hiemem.
542 2726 602 2793 Sed
626 2750 726 2813 neque
747 2749 884 2808 menseS,
906 2749 986 2814 quos
1005 2725 1113 2793 dicunt
1131 2743 1244 2814 typum
1268 2749 1335 2793 esse
1360 2728 1421 2793 tri-

342 2835 469 2915 cenarii,
501 2833 693 2921 praefinitive
724 2835 850 2921 triginta
872 2830 987 2899 habent
1020 2833 1098 2914 dies,
1122 2834 1174 2900 sed
1207 2834 1259 2900 alii
1286 2833 1419 2922 quidem

343 2940 458 3026 plures,
482 2941 534 3006 alii
557 2957 661 3006 autem
686 2942 802 3020 minus,
830 2939 977 3027 eoquod
1008 2941 1145 3028 quinque
1167 2939 1234 3007 dies
1265 2963 1420 3028 superpo-

343 3061 456 3112 nautor
472 3047 527 3112 eis.
573 3047 612 3112 Et
627 3045 693 3113 dies
709 3064 814 3112 autem
830 3069 895 3112 non
908 3069 1031 3133 semper
1051 3044 1228 3134 praefinitas
1246 3043 1419 3114 duodecim

343 3149 436 3218 habet
452 3152 556 3236 horas,
569 3153 623 3220 sed
639 3178 656 3219 a
672 3176 790 3219 novem
806 3175 904 3241 usque
920 3151 957 3219 ad
974 3152 1208 3240 quindecimam
1224 3152 1372 3234 ascendit,
1385 3171 1419 3220 et

344 3259 457 3326 iterum
475 3283 492 3326 a
507 3259 706 3348 quindecima
722 3260 754 3326 in
770 3283 887 3327 novem
906 3258 1075 3327 descendit.
1117 3260 1192 3326 Non
1208 3260 1271 3326 iam
1288 3277 1419 3348 propter

343 3366 471 3452 triginta
491 3367 617 3432 Aeonas
637 3365 708 3433 facti
728 3383 945 3462 sunt'menses
968 3366 1095 3454 triginta
1117 3365 1256 3447 dierum;
1276 3366 1419 3454 alioquin

345 3469 494 3538 haberent
513 3471 689 3559 praefinitas
712 3473 891 3538 tricenarius
909 3472 993 3539 dies:
1017 3495 1118 3561 neque
1137 3474 1252 3538 iterum
1271 3471 1337 3538 dies
1356 3473 1419 3538 ho-

343 3601 427 3659 rum,
451 3593 485 3643 ut
507 3577 674 3645 duodecim
697 3580 824 3644 Aeonas
847 3600 900 3666 per
919 3575 1087 3644 duodecim
1112 3577 1204 3644 horas
1227 3576 1417 3666 figurarent:

344 3683 494 3750 haberent
509 3685 595 3750 enim
614 3701 644 3750 et
663 3685 722 3771 ipsi
740 3682 961 3772 praefiguratas
981 3707 1104 3772 semper
1122 3682 1290 3750 duodecim
1309 3682 1417 3750 horaS.

413 3795 442 3858 6.
456 3791 560 3881 [WH.
570 3791 730 3872 XXXVI,
738 3790 783 3882 4].
822 3793 888 3875 <Dr
901 3811 989 3857 lusu
1003 3789 1098 3876 nr><³l
1112 3812 1154 3857 ne
1167 3810 1275 3858 xcvnn
1288 3811 1418 3872 omnus,

344 3921 386 3966 ux
409 3919 526 3974 Quusus
549 3920 615 3965 uun
636 3919 739 3966 nunus
763 3919 803 3964 nr
822 3917 965 3964 niveum
984 3917 1050 3963 ssr.
1096 3895 1209 3964 Adhuc
1225 3913 1331 3964 autem
1346 3921 1419 3963 ma-

380 4068 422 4136 (1)
432 4068 464 4120 H.
476 4083 499 4120 e.
510 4084 565 4120 non
579 4067 631 4120 alia
644 4067 758 4120 ratione:
772 4066 852 4136 iunge
905 4069 1021 4136 chetypo
1040 4051 1319 4130 ruou—oumrvrmrun,
1343 4066 1418 4120 unde

344 4156 441 4204 martum
461 4152 495 4203 ad
514 4157 541 4203 ut
558 4153 615 4218 sint,
634 4168 689 4204 uon
705 4150 738 4203 ad
757 4149 813 4218 365.
906 4150 933 4202 in
955 4149 1014 4203 Vat.
1038 4158 1062 4202 1⁰
1085 4150 1135 4204 «in
1159 4150 1229 4221 quod
1252 4149 1417 4206 dividitur».

382 4237 423 4304 (2)
438 4236 501 4289 Mss
520 4235 641 4288 induas:
667 4236 741 4306 prob.
760 4253 793 4288 ex
812 4251 852 4287 ar·
943 4236 985 4303 (3)
1004 4233 1057 4288 cfr.
1076 4253 1102 4306 p.
1121 4251 1175 4306 seq.
1193 4245 1250 4288 not.
1269 4249 1284 4287 2
1303 4233 1385 4304 (fin).
