3274 5100
349 425 410 509 362
636 442 764 490 lRENhEl
789 441 949 488 ADVERSUS
972 444 1127 492 HAERESES
1259 438 1343 513 lel⁷‚
1364 435 1413 497 2-3

345 641 564 706 universorum
597 642 833 728 generationem
862 659 892 708 et
924 642 1049 708 initium
1081 665 1195 732 aquam
1226 644 1303 712 dixit
1336 666 1414 709 esse.

346 744 433 812 Idem
457 762 562 812 autem
585 762 633 811 est
655 744 757 812 dicere
780 769 892 835 aquam
917 763 948 814 et
972 747 1121 835 Bythum.
1176 750 1337 816 Homerus
1361 773 1418 814 au-

346 869 412 918 tem
432 867 522 940 poeta
533 851 567 905 (Ι)
590 850 758 919 Oceanum
777 851 909 920 deorum
929 855 1070 942 genesin,
1089 871 1120 921 et
1139 872 1274 922 matrem
1294 854 1416 921 Thetin

346 958 582 1047 dogmatizavit:
605 982 684 1047 quae
707 959 835 1048 quidem
859 959 891 1026 hi
915 961 948 1026 in
972 961 1112 1048 Byrhum
1136 978 1166 1027 et
1190 962 1287 1050 Sigen
1314 979 1417 1026 trans-

348 1065 495 1132 tulerunt.
541 1063 774 1132 Anaximander
785 1065 818 1119 (²)
839 1082 944 1132 autem
969 1065 1029 1132 hoc
1048 1066 1132 1155 quod
1156 1069 1350 1134 immensum
1370 1083 1418 1132 est

348 1173 494 1239 omnium
517 1171 642 1238 initium
666 1169 807 1252 subiecit,
831 1171 1022 1239 seminaliter
1043 1173 1161 1241 habens
1185 1176 1218 1241 in
1246 1175 1418 1262 semetipso

350 1279 494 1346 omnium
519 1279 658 1366 genesin,
681 1302 718 1344 ex
741 1301 805 1366 quo
829 1279 1003 1346 immensos
1030 1279 1168 1347 mundos
1191 1298 1334 1348 constare
1358 1281 1418 1346 ait:

350 1402 380 1452 et
403 1385 464 1452 hoc
487 1401 591 1451 autem
615 1385 649 1451 in
672 1385 812 1471 Byrhum
834 1401 864 1451 et
886 1386 919 1451 in
937 1387 1063 1453 Aeonas
1087 1389 1229 1474 ipsorum
1252 1385 1420 1474 transfigu-

351 1509 505 1559 raverunt.
560 1495 762 1580 Anaxagoras
773 1493 806 1545 (Ξ)
829 1508 944 1574 autem,
968 1493 1076 1581 quiet
1101 1494 1272 1560 «atheus»
1298 1516 1420 1581 cogno-

350 1648 406 1696 καί
425 1647 544 1698 ὡσανεί
569 1647 665 1711 μόνον
692 1649 857 1712 στοιχεῖον
912 1645 995 1698 betur.
1011 1645 1421 1717 Anaxagoramquidemdixisse

351 1727 510 1795 eilanes,
529 1732 593 1796 πρὸς
612 1731 745 1794 σύγκρισιν
763 1747 793 1781 τε
811 1733 859 1782 καί
912 1745 1023 1800 corpora
1033 1730 1180 1800 composita
1188 1747 1219 1783 ex
1227 1729 1421 1796 nomismata·

351 1816 478 1880 πήγνυσιν
504 1818 551 1865 καί
578 1816 700 1866 σύστασιν
731 1819 784 1866 τῶν
814 1817 858 1881 ἐγ·
912 1814 1232 1884 quamprimummonnisi
1241 1826 1299 1884 post
1308 1815 1420 1866 Ariston

350 1897 467 1964 κοσμίων
491 1901 555 1962 πρὸς
578 1899 687 1966 ἄλληλα
713 1901 858 1964 συγκτρσίν-
912 1900 1070 1966 ὁμοιομερῆ)
1089 1910 1114 1952 et
1136 1898 1243 1968 quidem
1265 1914 1298 1950 ex
1322 1899 1422 1950 atomis

351 2000 432 2047 νιιται,
451 1983 512 2036 κτλ,
560 1981 614 2036 Cir.
641 1983 731 2047 Diem,
751 1983 858 2054 Fragm.
913 1997 1057 2051 paucorum
1074 1982 1277 2046 elementorum,
1293 1979 1346 2034 sere
1362 1997 1422 2032 om·

352 2065 376 2118 d.
394 2064 593 2130 Varrolaratikar‚
611 2081 685 2136 1904,
699 2084 725 2136 p.
742 2082 780 2131 14.
817 2067 858 2120 De
913 2083 960 2120 nes
967 2066 1085 2120 historici
1092 2079 1172 2120 testes
1179 2079 1247 2119 sunt.
1263 2065 1316 2118 efr.
1324 2065 1421 2136 fragm.

353 2149 466 2203 Thalete
492 2151 640 2220 generatim
670 2149 716 2204 cfr.
745 2151 858 2216 Zetten,
914 2151 983 2203 illius
996 2168 1036 2221 ap.
1050 2151 1142 2214 Dtees,
1155 2167 1179 2203 o.
1191 2167 1212 2203 c.
1226 2167 1269 2220 pp.
1283 2147 1421 2218 326-329;

354 2233 419 2287 Phil.
440 2233 537 2287 Grieclr.
556 2235 576 2298 Ι,
599 2234 630 2288 16
649 2253 705 2306 sqq.
914 2235 1004 2288 Smne.
1027 2234 1100 2304 Phys.
1120 2233 1232 2300 XXVII,
1251 2249 1281 2296 2;
1300 2234 1421 2287 Lucam.

391 2319 432 2387 (1)
458 2318 532 2372 Iliad.
552 2324 580 2386 Ξ,
600 2334 648 2374 201
675 2319 734 2386 (cfr.
763 2321 858 2374 Antsr.
915 2317 973 2370 Rer.
994 2325 1045 2370 nat.
1064 2318 1085 2382 1,
1104 2317 1157 2386 830
1180 2335 1235 2388 sqq.
1254 2329 1280 2371 et
1302 2317 1422 2370 maxime

355 2404 371 2456 l.
391 2408 442 2470 c.):
462 2406 589 2457 Ὠκεανόν
607 2422 637 2456 τε
656 2407 731 2457 θεῶν
748 2410 861 2472 γένεσιν,
915 2403 1045 2456 Amator.
1069 2401 1195 2472 Methaplr.
1215 2402 1235 2468 1,
1257 2418 1268 2472 3
1289 2403 1331 2473 qui
1356 2403 1422 2455 talia

354 2491 616 2557 καίμητίραΤηίίὺν.
641 2489 744 2542 lusam,
758 2505 821 2542 vero
831 2489 860 2556 (l.
915 2486 1047 2540 elementa
1062 2485 1154 2539 aether
1165 2497 1192 2539 et
1205 2486 1295 2556 ignem
1311 2485 1373 2538 dicit
1388 2488 1422 2538 ab

355 2577 389 2638 c.)
404 2571 545 2626 Thaletem
560 2573 679 2626 attulisse
698 2573 760 2626 dicit
780 2573 861 2625 aliurn
916 2587 948 2624 eo
958 2571 1054 2624 doceri.
1087 2573 1127 2623 Τὰ
1136 2573 1189 2638 γὰρ
1198 2573 1341 2637 ὁμοιομερῆ
1352 2587 1423 2622 στοι-

356 2673 462 2710 versum
481 2657 599 2710 eiusdem
614 2657 682 2721 libri,
696 2657 740 2710 sel.
755 2661 782 2722 Ξ,
797 2654 861 2724 256:
915 2661 978 2723 χαῖα
996 2657 1094 2722 αἰθέρα
1113 2659 1143 2707 δὲ
1161 2660 1208 2707 καί
1226 2657 1275 2721 πῦρ
1289 2659 1422 2722 μείγματα

358 2743 483 2806 Ὠκεανός
511 2745 599 2804 ὥσπερ
629 2746 707 2808 γένος
737 2745 862 2795 πάντεσσι
915 2742 1016 2792 τούτων
1030 2743 1077 2792 καί
1091 2745 1144 2792 τῶν
1158 2741 1250 2792 ἄλλων
1265 2742 1423 2805 σπερμάτων

720 2829 861 2896 [aaronem.
916 2828 1074 2878 πάντων...
1116 2825 1158 2876 διὸ
1193 2828 1241 2876 καί
1280 2822 1423 2891 γίγνεσθαι

391 2914 433 2982 (2)
464 2912 564 2965 Eadem
595 2911 628 2965 de
661 2913 863 2965 Anaximandro
916 2911 993 2961 πάντ’
1006 2912 1038 2960 ἐκ
1056 2910 1163 2961 τούτων.
1202 2909 1330 2960 Attamen
1352 2921 1424 2960 recte

357 2994 491 3066 proferunt
509 2995 593 3048 Droo.
621 2995 721 3048 Laena.
742 2994 774 3059 Il,
798 3010 862 3060 1-2;
917 2991 1012 3044 eraclo
1030 2991 1193 3044 decidentibus
1214 2991 1247 3044 ab
1270 2990 1338 3044 iren.
1362 2990 1424 3043 addi

357 3080 511 3133 Smamcrus
534 3079 619 3147 (Phys.
633 3095 675 3144 24,
692 3081 748 3148 13);
768 3079 862 3132 Aars'r.
917 3089 989 3148 patet
1008 3093 1040 3130 ex
1059 3077 1101 3130 his
1119 3092 1186 3146 quae
1201 3088 1288 3128 servat
1301 3075 1369 3128 aar.
1384 3074 1424 3126 De

357 3164 429 3235 Phys.
452 3164 473 3228 I,
496 3179 526 3228 4;
550 3164 634 3216 Paua.
659 3163 752 3216 Strom.
773 3179 799 3226 2,
818 3163 862 3234 qui
913 3161 981 3232 plac,
1008 3157 1146 3232 philosoph.
1175 3159 1236 3227 (int.
1264 3175 1324 3229 opp.
1353 3158 1424 3211 Pau-

357 3261 505 3319 postremus
521 3247 627 3317 propius
647 3247 679 3300 ad
698 3248 778 3300 verba
794 3247 863 3300 lren.
917 3247 1021 3311 rano),
1041 3244 1073 3307 V,
1096 3258 1136 3314 19,
1156 3259 1203 3312 23:
1222 3246 1254 3298 Ol
1268 3247 1328 3314 napi
1352 3242 1424 3296 Ἐπί-

358 3332 474 3386 accedit:
503 3330 611 3398 Ἀναξίμ
613 3369 675 3384 .....
707 3335 738 3384 τὸ
756 3335 863 3398 ἄπειρον
917 3347 1057 3397 κσυρον...
1079 3332 1112 3381 ἐκ
1130 3331 1280 3394 μεταβολῆς
1307 3333 1355 3394 τῆς
1379 3329 1426 3380 ἀλ-

359 3421 441 3484 φοὶναι
458 3420 506 3483 τὴν
523 3424 609 3482 τιᾶραν
625 3415 709 3469 αἰτίαν
725 3421 798 3485 ἔχειν
816 3424 863 3484 τῆς
917 3417 1009 3483 λήλσιν
1027 3417 1174 3480 γεννᾶσθαι
1197 3416 1231 3466 τὰ
1252 3415 1333 3477 ζῶια·
1357 3415 1424 3480 μίρη

358 3503 403 3554 τοῦ
433 3505 530 3565 παντὸς
560 3505 744 3565 γενέσεως...
773 3504 801 3563 ἐξ
833 3506 864 3554 οὔ
917 3505 969 3568 γὰρ
987 3503 1053 3552 εἶναι
1076 3501 1121 3551 τοῦ
1148 3501 1250 3564 κόσμου
1271 3503 1364 3560 ταῦτα,
1388 3500 1426 3562 ὡς

359 3590 393 3654 δή
413 3603 478 3655 φησι
504 3589 564 3650 τοὺς
591 3604 621 3638 τε
648 3589 775 3652 οὐρανοὺς
800 3590 865 3639 ἀπο·
917 3589 964 3637 καί
991 3585 1173 3650 Ἀναξιίγορας
1196 3585 1243 3634 καὶ
1270 3580 1426 3648 Εὐριπίδης·

358 3670 500 3738 κεκρίσθαι
511 3676 558 3723 καί
570 3673 694 3724 καθόλου
706 3673 768 3734 τοὺς
783 3675 865 3723 ᾰιιαν-
953 3685 1020 3735 Γαῖα
1038 3685 1147 3749 μεγίστη
1167 3683 1214 3733 και
1233 3682 1291 3742 Διὸς
1310 3680 1408 3746 Αἰθήρ,

357 3773 405 3820 τας
424 3754 546 3821 ἅπῑῖρθῦς
565 3759 643 3819 ὄντας
654 3758 778 3821 κόσμους·
809 3754 863 3808 Csf·
918 3769 993 3833 ὁμὲν
1006 3767 1154 3831 ἀνθρώπων
1170 3768 1217 3815 καί
1227 3765 1299 3816 aanor
1310 3765 1427 3829 γενέτωρ

357 3842 390 3894 de
408 3857 440 3893 0⁰
459 3841 570 3905 terrea,
589 3840 651 3893 ibid
672 3858 696 3910 Ρ·
718 3838 769 3910 196
789 3857 861 3911 sqq&
917 3855 934 3919 ἡ
955 3853 1151 3919 δ’ὑγροβόλους
1170 3851 1302 3917 σταγόνας
1321 3853 1410 3911 νοτίοις

360 3925 473 3988 Lama,
491 3925 548 3978 Ueb.
562 3923 775 3978 Anaxirnonder's
790 3927 864 3977 ᾰπτι-
917 3939 1131 4003 παραδεξαμένη,
1149 3932 1233 3987 τίκτει
1252 3935 1377 4000 among,

359 4027 413 4076 νον,
432 4009 597 4080 Lips.1878;
616 4009 810 4073 aroannam,
827 4008 863 4060 Α·
918 4019 1001 4074 τίκτει
1020 4023 1051 4073 ιι
1070 4022 1148 4086 βορὰν
1166 4019 1240 4085 φιλο
1257 4035 1287 4071 τι
1307 4019 1397 4083 aqam

359 4092 525 4146 naximander
544 4091 667 4158 Milesius,
680 4093 765 4156 Bonn,
789 4092 863 4161 1883.

396 4179 438 4244 (3)
451 4177 498 4230 His
512 4177 597 4231 verbis
610 4194 651 4231 res
664 4195 678 4230 a
692 4177 765 4230 nullo
778 4177 864 4247 perhi-
