3288 5060
359 475 421 538 268
648 494 775 540 rxuxxer
799 494 959 540 novemus
982 495 1137 540 naereses
1250 493 1428 563 [xxl'1‚1-3

356 688 491 776 quadam
514 688 604 755 valde
626 705 776 776 separata,
800 706 831 756 et
850 689 983 756 distante
1002 688 1039 755 ab
1055 713 1089 755 ea
1107 690 1333 778 principalitate
1348 715 1429 780 quae

358 811 405 860 est
428 817 521 882 super
544 796 699 876 universa,
723 811 753 862 et
776 797 940 884 ignorante
959 819 1032 862 eum
1056 797 1109 883 qui
1134 813 1181 864 est
1203 819 1298 884 super
1321 799 1431 864 omnia

358 903 475 968 Deum.
522 902 627 968 lesum
651 919 755 968 autem
776 900 916 983 subiecit,
940 925 1005 968 non
1021 927 1059 968 ex
1075 903 1197 990 uirgine
1213 918 1333 984 natum,
1354 904 1432 984 (im-

359 1006 507 1095 possibile
522 1009 607 1074 enim
625 1007 684 1074 hoc
701 1009 730 1074 ei
745 1009 851 1074 visum
868 1007 973 1090 est>‚<¹>
992 1007 1087 1074 fuisse
1102 1025 1207 1074 autem
1224 1031 1298 1074 eum
1314 1008 1430 1098 Ioseph

359 1129 388 1182 et
414 1115 532 1181 Mariae
562 1113 675 1194 filium,
699 1115 843 1180 similiter
874 1131 909 1195 ut
944 1115 1055 1202 reliqui
1079 1138 1192 1181 omnes
1215 1114 1373 1196 homines,
1399 1131 1431 1182 et

358 1220 427 1307 plus
443 1221 581 1309 potuisse
597 1220 722 1299 iustitia,
739 1236 769 1286 et
785 1219 957 1308 prudentia,
970 1236 1001 1286 et
1017 1221 1166 1307 sapientia
1181 1219 1219 1286 ab
1235 1220 1432 1287 omnibus.(²l

358 1327 396 1394 Et
419 1342 490 1413 post
514 1323 704 1412 baptismum
728 1325 925 1392 descendisse
944 1326 975 1391 in
995 1349 1080 1408 eum,
1096 1325 1134 1392 ab
1151 1349 1186 1392 ea
1203 1327 1431 1415 principalitate

357 1455 436 1520 quae
460 1449 506 1499 est
530 1454 623 1520 super
642 1433 759 1510 omnia,
780 1431 945 1499 Christum
968 1430 1068 1520 figura
1091 1431 1276 1513 columbae3
1299 1451 1330 1499 et
1352 1450 1431 1500 tunc

358 1541 563 1606 annunciasse
585 1540 781 1626 incognitum
806 1539 943 1620 Patrem,
967 1556 998 1606 et
1021 1541 1153 1605 virtutes
1184 1538 1370 1627 perfecisse3
1396 1543 1431 1607 in

358 1640 421 1708 line
443 1657 549 1707 autem
573 1640 730 1706 revolasse
761 1641 876 1706 iterum
904 1640 1069 1708 Christum
1099 1639 1138 1707 de
1161 1641 1242 1721 lesu,
1266 1656 1297 1707 et
1321 1642 1430 1708 lesum

357 1769 485 1834 passum
508 1769 587 1828 esse,
606 1763 637 1812 et
661 1747 879 1812 resurrexisse:
891 1746 925 1801 (³)
942 1745 1106 1814 Christum
1124 1764 1227 1813 autern
1248 1748 1432 1836 impassibi-

357 1852 420 1918 lem
444 1853 889 1939 perseverasse,exsistentem
913 1852 1094 1940 spiritalem.

425 1978 455 2026 a.
479 1958 583 2049 [WH.
604 1957 730 2048 xxm.
789 1959 889 2040 Quae
913 1979 968 2024 asa
990 1958 1219 2026 Esroutraxun
1249 1981 1429 2027 nocrmxa

358 2065 425 2146 Qui
448 2081 553 2131 autem
576 2064 722 2131 dicuntur
740 2063 901 2147 Ebionaei,
925 2066 1124 2132 consentiunt
1136 2066 1169 2120 (⁴)
1186 2065 1313 2154 quidem
1334 2090 1432 2132 mun-

358 2299 437 2364 μεως
451 2281 528 2356 τινὸς
543 2277 777 2364 κεχωρισμένης,
794 2288 845 2361 τῆς
860 2279 935 2363 ὑπὲρ
950 2281 988 2342 τὰ
1003 2277 1061 2342 ὅλα
1074 2277 1220 2362 ἐξουσίας,
1235 2281 1288 2344 καὶ
1302 2279 1431 2363 ἀγνοαί·

357 2408 413 2469 σης
434 2389 493 2449 τὸν
522 2387 598 2470 ὑπὲρ
628 2386 725 2450 πάντα
758 2383 847 2451 Θεὸν.
900 2385 961 2450 Τὸν
994 2387 1028 2450 δὲ
1064 2385 1184 2470 Ἰησοῦν
1217 2386 1350 2452 ὑπέθετο
1385 2390 1429 2472 μὴ

357 2493 394 2554 ἐκ
416 2491 570 2576 παρθένου
600 2493 796 2576 γεγενῆσθαι,
825 2490 979 2578 γεγονέναι
1007 2493 1040 2555 δὲ
1064 2494 1153 2555 αὐτὸν
1180 2490 1213 2570 έξ
1237 2490 1352 2576 Ἰωσὴφ
1375 2499 1431 2560 καὶ

357 2596 474 2682 Μαρίας
491 2598 563 2680 υἱὸν,
579 2597 687 2683 ὁμοίως
704 2607 764 2674 τοῖς
783 2599 895 2676 λοιποῖς
913 2601 1025 2662 ἅπασιν
1043 2597 1224 2684 ἀνθρώποις,
1244 2601 1297 2662 καὶ
1314 2600 1430 2662 δικαιό-

355 2723 440 2790 τερον
462 2703 617 2790 γεγονέναι
647 2706 699 2769 καὶ
729 2703 907 2790 σοφώτερον.
955 2705 1018 2770 Καὶ
1041 2708 1173 2790 perlato
1198 2704 1350 2790 βάπτισμα
1372 2729 1429 2769 κα-

356 2811 475 2875 τελθεῖν
498 2812 541 2888 εἰς
562 2814 652 2874 αὐτὸν
675 2812 712 2875 έν
734 2821 786 2896 της
805 2812 880 2895 ὑπὲρ
898 2813 936 2874 τὰ
955 2811 1013 2875 ὅλα
1031 2811 1191 2889 αὐθεντίας
1209 2815 1260 2875 τὸν
1279 2809 1427 2895 Χριστόν,

357 2915 389 2979 ἐν
402 2917 474 2980 εῖδει
489 2927 679 3001 περιστερᾶς·
696 2919 748 2980 καὶ
764 2917 830 2980 τότε
845 2915 971 3000 κηρῦξαι
986 2920 1036 2979 τὸν
1052 2917 1205 3002 ἄγνωστον
1221 2917 1355 3002 Πατέρα,
1372 2921 1429 2980 καὶ

356 3023 494 3108 δυνάμεις
516 3021 695 3106 ἐπιτελέσαι,
719 3025 792 3108 προς
811 3024 844 3086 δὲ
862 3031 904 3106 τῷ
922 3021 1012 3104 τέλει,
1032 3025 1201 3109 ἀποστῆναι
1223 3027 1275 3089 τὸν
1292 3023 1428 3109 Χριστὸν

357 3131 417 3193 ἀπὸ
436 3139 488 3194 τοῦ
508 3128 619 3214 Ἰησοῦ,
638 3131 756 3194 καὶτὸν
773 3127 892 3213 Ἰησοῦν
907 3128 1094 3194 πεπονθέναι
1109 3133 1161 3194 καὶ
1179 3129 1357 3216 έγηγέρθαι,
1373 3134 1427 3194 τὸν

356 3234 389 3298 δὲ
413 3235 544 3320 Χριστὸν
567 3237 673 3319 ἀπαθῆ
698 3235 946 3320 διαμεμενηκέναι
968 3241 1167 3322 πνευματικὸν
1190 3238 1375 3323 ὑπέρχσντα.

425 3360 455 3407 2.
480 3342 648 3428 Ἐβιωναῖοι
671 3344 703 3406 δὲ
727 3342 908 3428 ὁμολογοῦσι
923 3325 977 3428 μέν
991 3347 1041 3408 τὸν
1059 3344 1174 3430 κόσμον
1189 3345 1247 3410 ὑπὸ
1266 3353 1318 3410 τοῦ
1341 3347 1428 3422 ὄντος

393 3537 435 3603 (ι)
451 3534 545 3588 Glossa
559 3552 573 3588 e
586 3535 707 3605 margine
720 3535 747 3588 in
760 3547 864 3588 textum
954 3540 997 3607 (4)
1016 3538 1036 3591 1.
1055 3555 1078 3592 e.
1097 3537 1245 3604 nobiscum,
1266 3549 1357 3592 contra
1374 3537 1426 3592 Ce-

358 3619 468 3689 irrepta:
481 3619 527 3673 cfr.
534 3636 621 3690 graec.
631 3637 698 3690 quae
707 3635 740 3672 ex
751 3619 865 3676 erxot.
919 3621 1037 3675 rinthum
1045 3633 1071 3675 et
1078 3622 1280 3693 Carpocratem3
1290 3622 1370 3693 igitur
1380 3639 1425 3675 ex·

357 3705 374 3758 l.
394 3721 416 3757 c.
438 3705 637 3775 depromuntur.
919 3708 1089 3778 pungendum
1105 3707 1256 3779 proximum
1275 3727 1334 3772 non,
1352 3709 1424 3778 quod

392 3792 433 3858 (a)
450 3815 467 3836 =
479 3807 559 3861 quam
584 3806 677 3842 omnes
702 3789 773 3859 [cfr.‚
792 3791 865 3844 iuxta
918 3803 944 3845 et
956 3793 1022 3862 apud
1037 3791 1114 3862 Hipp.
1128 3793 1200 3846 deest
1213 3792 1268 3861 (hic
1281 3804 1307 3846 et
1321 3791 1354 3856 X,
1369 3795 1425 3859 22),

357 3874 461 3938 Gxaus,
480 3874 546 3926 Luc,
566 3872 735 3943 Xl'lll‚14].
919 3887 964 3929 aut
986 3896 999 3926 ιι
1012 3876 1205 3930 consimiliter»
1228 3878 1370 3948 legendum
1396 3889 1426 3930 ut

393 3961 434 4026 (3)
449 3970 475 4012 et
489 3957 672 4027 resurrexisse]
687 3959 769 4012 Plane
780 3958 864 4010 maxi·
918 3960 974 4012 vult
988 3958 1084 4014 Grabe.
1094 3990 1129 3998 -
1139 3960 1179 4012 De
1191 3957 1331 4013 Ebionaeis
1341 3959 1425 4012 multa

339 4093 341 4098 ,
357 4043 394 4098 mi
414 4044 510 4097 valoris
530 4043 662 4114 singulare
678 4043 864 4096 testimonium
918 4044 1050 4115 disputata
1065 4056 1126 4098 sunt
1141 4043 1200 4112 (cfr.
1219 4044 1347 4108 Bemom,
1362 4043 1425 4096 Eco-

357 4130 433 4181 ineo
451 4128 495 4199 qui
515 4129 603 4181 lesum
621 4126 758 4180 Christum
776 4127 862 4181 Deum
918 4146 984 4181 nom.
995 4129 1091 4192 sociale,
1105 4145 1147 4199 pp.
1159 4126 1310 4196 246-264);
1325 4145 1425 4182 nomen

357 4231 413 4266 esse
432 4214 576 4284 negaverit.
918 4229 1011 4265 eorum
1021 4213 1160 4284 (ῃηηίῃρη
1169 4237 1186 4257 =
1197 4215 1335 4284 pauperes)
1345 4229 1375 4265 ac
1385 4211 1426 4265 in·
