3288 5060
348 451 366 496 2
372 432 428 532 38Ι
636 449 763 496 irruam
783 449 943 496 aovsnsus
962 449 1118 496 naereses
1265 449 1350 518 [xxt
1366 465 1417 518 3=4

347 673 363 708 n
381 645 502 714 chaldia
525 645 711 714 mosomeda
743 645 856 716 eaacha
887 644 1090 733 faronepseha
1117 645 1186 712 Iesu
1211 646 1371 712 Nazarene
1386 673 1416 711 n.

346 754 385 820 Et
409 753 524 820 horum
548 755 760 842 interpretatio
783 769 831 820 est
853 753 941 820 talis:
972 752 1124 820 «Christi
1143 775 1208 819 non
1227 752 1334 821 divido
1354 755 1419 842 spi-

349 861 487 942 «ritum,
522 883 588 943 cor,
621 880 651 928 et
683 860 944 950 supercaelestem
980 861 1130 926 virtutem
1160 859 1416 926 misericordem:

349 993 364 1030 u
385 965 468 1034 fruar
493 969 623 1036 nomine
645 983 711 1048 tuo,
736 967 878 1034 Salvator
898 967 1079 1032 veritatis».
1127 965 1165 1032 Et
1188 965 1264 1032 haec
1286 964 1417 1054 quidem

348 1071 509 1162 profantur
532 1075 592 1162 ipsi
611 1076 665 1162 qui
684 1091 816 1140 sacrant.
865 1073 931 1156 Qui
951 1089 1057 1140 autem
1074 1089 1212 1138 sacratur
1230 1070 1418 1160 respondet:

353 1179 598 1250 «Confirmatus
622 1203 704 1260 sum,
724 1195 755 1246 et
778 1179 958 1268 redemptus
974 1203 1057 1263 sum,
1082 1197 1112 1245 et
1136 1179 1258 1246 redimo
1277 1182 1417 1246 animam

353 1310 369 1344 τ
382 1306 486 1350 meam
510 1282 548 1352 ab
567 1307 665 1350 aeone
683 1283 755 1363 hoc,
775 1299 806 1353 et
828 1282 977 1354 omnibus
996 1307 1075 1372 quae
1094 1302 1166 1350 sunt
1185 1282 1222 1350 ab
1242 1307 1280 1350 eo
1303 1285 1336 1350 in
1360 1306 1420 1350 no-

351 1416 366 1452 «
382 1391 468 1456 mine
487 1390 551 1471 Iao,
573 1391 627 1480 qui
651 1389 784 1458 redemit
802 1392 943 1458 animam
965 1392 1033 1456 eius
1058 1392 1090 1456 iu
1110 1389 1360 1478 redemptionem
1385 1393 1420 1456 in

350 1523 365 1558 τ
386 1495 516 1564 Christo
535 1497 703 1564 vivente».
750 1495 874 1566 Dehinc
896 1495 1093 1585 superfantur
1112 1498 1167 1585 qui
1185 1513 1302 1564 astant:
1322 1523 1337 1558 u
1354 1497 1419 1562 Pax

355 1628 370 1664 u
385 1600 534 1668 omnibus
553 1603 585 1668 in
603 1626 684 1692 quos
704 1602 764 1670 hoc
784 1626 903 1672 nomen
922 1603 1087 1692 requiescit
1104 1603 1167 1668 ».<¹)
1212 1604 1288 1669 Post
1306 1600 1419 1670 deinde

349 1728 470 1796 ungunt
500 1726 655 1776 sacratum
686 1705 936 1800 opobalsamum
993 1711 1201 1798 Unguentum
1235 1709 1321 1776 euim
1357 1709 1418 1775 hoc

352 1879 366 1912 n
382 1853 594 1937 ναμεμψαιμὰν
610 1852 758 1937 pateam
774 1851 971 1938 μοσομηδαέα
985 1853 1137 1938 ἀκραρναὶ
1151 1852 1296 1936 ψαύουσα,
1313 1850 1419 1936 Ἰησοῦ

356 1985 370 2018 «
385 1958 521 2044 Ναξαρία
533 1984 564 2022 υ.
613 1959 675 2022 Καὶ
690 1959 802 2023 τούτων
814 1959 847 2022 δὲ
859 1957 1001 2044 ἑρμηνεία
1016 1960 1080 2022 ἐστὶ
1095 1959 1235 2044 τοιαίτιη·
1251 1985 1267 2020 α
1283 1959 1419 2044 Χριστοῦ

352 2092 366 2125 n
383 2067 417 2128 οὐ
440 2065 542 2150 διαιρῶ
561 2069 594 2128 τὸ
614 2073 740 2151 πνεῦμα,
763 2069 817 2150 τὴν
835 2065 970 2150 καρδίαν,
989 2068 1042 2130 καὶ
1064 2069 1117 2150 τὴν
1140 2066 1352 2151 ὑπερουρὰνιον
1370 2065 1420 2128 δύ-

352 2199 367 2234 «
382 2193 479 2254 ναμιν,
498 2175 551 2255 τἠν
566 2171 753 2256 οἰκτίρμονα·
770 2171 894 2256 ὀναίμην
909 2182 961 2236 τοῦ
977 2169 1122 2256 ὀνόματός
1136 2193 1203 2256 σου,
1220 2171 1328 2257 Σωτὴρ
1342 2172 1418 2256 ἀλη-

352 2307 366 2342 ιι
383 2279 469 2356 θείας
485 2304 513 2343 υ.
562 2279 623 2344 Καὶ
636 2290 730 2342 ταῦτα
745 2281 800 2363 μὲν
814 2279 1004 2363 ἐπιλέγουσιν
1021 2281 1104 2343 αὐτοὶ
1122 2279 1150 2342 οἱ
1168 2278 1332 2354 τελοῦντες.
1380 2276 1419 2342 Ὁ

350 2389 382 2449 δὲ
407 2385 617 2471 τετελεσμένος
640 2385 848 2470 ἀποκρίνεται·
879 2412 894 2446 u
908 2385 1117 2471 Ἐστήριγμαι,
1140 2387 1193 2450 καὶ
1218 2385 1418 2469 λελίιτρτυμαι,

356 2519 370 2552 «
383 2495 435 2556 καὶ
460 2491 624 2576 λυτροῦμαι
646 2495 699 2574 τὴν
725 2491 826 2575 ψυχήν
852 2510 911 2575 μου
934 2493 1069 2554 ἀπὸτοῦ
1099 2491 1204 2567 αἰῶνος
1226 2490 1340 2570 τούτου,
1364 2492 1419 2554 καὶ

352 2624 366 2658 (ι
382 2598 500 2662 πάντων
523 2607 580 2662 τῶν
603 2597 673 2682 παρ’
686 2600 777 2660 αὐτοῦ
801 2597 833 2660 ἐν
855 2607 896 2680 tp
920 2594 1041 2680 ὀνόματι
1060 2608 1112 2661 τοῦ
1133 2595 1215 2678 Ἰαὼ,
1234 2597 1267 2673 ὃς
1290 2595 1418 2680 ὲλυτρώ·

352 2733 367 2766 «
383 2727 458 2769 outo
472 2708 525 2788 rip
543 2705 643 2789 ψυχὴν
659 2706 750 2767 αὐτοῦ
769 2705 810 2780 εἰς
828 2702 1034 2786 ἀπολύτρωσιν
1045 2703 1078 2767 ἐν
1090 2704 1213 2788 Χριστῷ
1228 2710 1270 2787 τῷ
1284 2703 1372 2781 ζῶντι
1387 2727 1416 2766 u.

351 2811 414 2877 Εἶτ’
430 2812 618 2896 ἐπιλέγουσιν
632 2811 659 2875 οί
674 2811 838 2894 παρόντες·
861 2835 876 2870 ιι
892 2809 1003 2894 Εἰρήνη
1024 2821 1123 2890 πᾶσιν,
1143 2808 1192 2894 ἐρ’
1206 2812 1257 2886 οὓς
1274 2813 1308 2873 τὸ
1323 2811 1418 2892 ὄνομα

355 2944 370 2980 u
382 2927 469 2983 τοῦτο
485 2917 730 2983 ἐπαναπὲπαυται
745 2942 772 2980 υ.
818 2916 948 2981 Ἔπειτα
963 2916 1116 3002 μυρίζουσι
1134 2921 1184 2981 τὸν
1200 2915 1414 3002 τετελεσμένον

389 3085 431 3152 (τ)
451 3083 503 3138 Cfr.
518 3096 543 3138 et
559 3083 651 3136 Erteu.
672 3082 749 3136 Hurr.
773 3086 812 3150 ιο,
833 3097 856 3136 2.
910 3081 962 3131 ἄνα
980 3096 1027 3144 μιν
1050 3082 1123 3146 udde
1141 3083 1172 3132 οὐ
1194 3083 1242 3146 μὲν
1265 3082 1321 3148 χὰλ
1340 3083 1418 3133 datur

352 3170 410 3222 Huc
429 3185 533 3239 quoque
554 3184 648 3240 graeca
667 3168 715 3221 etsi
734 3179 857 3236 corrupta
911 3167 971 3216 δίνα
984 3166 1085 3230 βασομὴ
1106 3165 1174 3216 doen
1191 3181 1262 3235 ppror
1281 3168 1354 3231 νάψα
1367 3168 1418 3218 oud

352 3253 437 3323 aptius
451 3253 483 3305 ad
498 3269 604 3304 sensum
620 3251 731 3312 faciunt:
747 3263 773 3304 at
790 3267 856 3320 quae
910 3250 931 3300 Ι.
950 3250 981 3301 N.
993 3271 1008 3292 =
1025 3247 1151 3300 «Unctus
1168 3259 1194 3301 et
1213 3248 1347 3301 redemtus
1366 3265 1418 3319 ego

352 3350 410 3408 post
445 3353 538 3390 vocem
573 3336 667 3388 Messio
700 3334 857 3398 reseruntur,
914 3333 970 3385 «ab
989 3333 1078 3385 anima
1093 3344 1119 3386 et
1138 3334 1172 3386 ab
1190 3333 1264 3386 omni
1278 3333 1417 3387 iudiciuin

351 3421 418 3474 nihil
442 3421 475 3474 ad
499 3420 744 3489 interpretationem
769 3417 856 3472 conse·
914 3417 1047 3470 uuomine
1074 3417 1137 3482 Iah;
1168 3417 1269 3470 redime
1297 3418 1416 3470 animam

351 3515 422 3570 runt,
443 3521 524 3575 quum
540 3503 626 3574 potius
642 3503 804 3556 conveniant
817 3519 856 3556 re·
914 3517 1025 3553 «meam
1042 3501 1060 3552 1.
1080 3499 1113 3552 N.
1126 3521 1151 3554 u.
1188 3500 1312 3554 Viderint
1332 3501 1417 3571 periti.

351 3589 487 3660 sponsioni
501 3587 700 3642 «Confirmatus
710 3605 769 3640 sum
779 3599 856 3650 etcn,
946 3585 990 3654 (τ)
1006 3583 1055 3637 Hic
1070 3585 1227 3639 clauduntur
1245 3596 1368 3656 excerpta
1384 3585 1417 3637 E-

350 3673 430 3744 igitur
449 3672 551 3743 syriaca
573 3671 611 3724 2¹e
627 3684 653 3725 et
672 3671 708 3740 3⁵⁸
728 3669 856 3724 formulae
911 3669 1041 3740 piphanii3
1058 3681 1084 3722 at
1100 3670 1233 3740 sequentis
1245 3669 1259 3738 §
1273 3669 1417 3740 paraphra-

351 3757 499 3828 perierunt;
529 3756 681 3809 Rueuttrto
709 3756 787 3827 legit:
813 3759 856 3809 οὐ·
910 3755 955 3818 sis,
975 3766 1015 3808 est
1039 3755 1086 3807 sub
1105 3755 1214 3808 nomine
1237 3755 1418 3819 Heracleonis,

350 3845 439 3909 φατρίαι
457 3859 504 3908 μιν
523 3843 684 3908 septetum
698 3844 751 3894 ᾰνα
765 3844 796 3894 οὐ
809 3859 856 3906 μεν
910 3840 977 3890 liner.
1010 3837 1049 3906 36.
1095 3839 1135 3891 De
1163 3838 1255 3892 ritibus
1283 3839 1418 3892 unctionis

351 3930 403 3996 χολ
414 3930 444 3979 σε
457 3929 542 3994 βασμὴ
560 3929 590 3978 δέ
607 3927 661 3978 1αώ
674 3928 856 3996 βατιαφούρα..
910 3921 956 3975 τίτ.
976 3921 1089 3977 Ηττνοι.
1109 3921 1142 3988 V,
1165 3937 1193 3990 73
1213 3921 1296 3975 Otuo.
1312 3940 1332 3975 c.
1350 3921 1415 3975 Cels.

350 4013 424 4078 ναψα
441 4013 462 4063 1.
481 4012 513 4063 N.
532 4009 625 4080 quibus
640 4010 781 4078 respondet
795 4008 857 4060 ada·
910 4004 956 4070 VI,
977 4021 1025 4074 27;
1047 4022 1111 4075 quos
1137 4005 1202 4058 ritus
1225 4005 1306 4058 etiam
1326 4004 1352 4057 in
1372 4021 1418 4074 pa-

352 4095 463 4148 mussim
495 4093 629 4164 supposita
657 4093 854 4162 interpretatio:
911 4091 983 4162 pyris
993 4091 1103 4160 magicis
1114 4107 1192 4161 saepe
1204 4090 1312 4161 reperiri
1325 4101 1418 4143 monet

352 4179 468 4230 Hartvm'
497 4194 561 4231 vero
587 4176 690 4230 Meneta
718 4179 857 4246 ουμραρὲιι
912 4177 1031 4240 Artmcrr,
1050 4176 1067 4227 l.
1087 4192 1108 4228 c.
1129 4193 1152 4246 p.
1172 4189 1229 4240 τοι.
