3230 5062
360 377 400 462 98
646 398 775 444 raanan
798 396 957 444 inversus
981 395 1135 442 naereses
1333 392 1421 462 [1V‚1

356 609 422 659 tute
445 591 599 660 formasse
623 591 772 674 formam,
798 615 877 678 quae
908 607 988 657 esset
1020 590 1193 658 secundum
1216 589 1423 656 substantiam

355 716 488 780 tantum,
508 697 561 766 sed
584 723 649 766 non
672 697 846 765 secundum
875 699 1081 786 agnitionem:
1106 715 1136 764 et
1159 696 1235 763 haec
1258 715 1423 784 operatum

355 829 523 887 recurrere,
534 805 568 861 (¹)
586 804 819 872 subtrahentem
832 829 920 871 suam
933 806 1093 884 virtutem,
1106 820 1136 870 et
1148 804 1309 892 reliquisse
1324 803 1422 884 illam,

353 914 397 978 uti
422 912 557 978 sentiens
577 913 767 1000 passionem,
788 934 867 999 quae
886 933 959 1000 erga
978 910 1064 977 illam
1084 927 1164 976 esset
1179 931 1234 998 per
1253 911 1424 997 separatio-

352 1023 426 1085 riem
450 1018 648 1100 Pleromatis
678 1019 876 1107 concupiscat
907 1039 1121 1105 eorumquae
1151 1017 1282 1082 meliora
1306 1035 1421 1099 essent,

352 1124 468 1192 habens
487 1125 624 1213 aliquam
647 1123 866 1192 odorationem
890 1123 1134 1190 immortalitatis
1159 1122 1298 1190 relictam
1315 1123 1348 1188 in
1372 1146 1423 1188 se-

352 1233 485 1320 metipsa
508 1255 525 1298 a
545 1231 674 1300 Christo
693 1247 724 1297 et
743 1231 858 1318 Spiritu
883 1249 1001 1296 sancto.
1050 1229 1250 1317 Quapropter
1269 1245 1299 1294 et
1319 1229 1419 1316 ipsam

351 1337 473 1406 duobus
486 1336 667 1404 nominibus
685 1338 802 1419 vocari,
822 1336 974 1424 Sophiam
996 1337 1193 1424 paternaliter
1211 1335 1314 1425 (pater
1333 1337 1418 1402 enim

351 1447 417 1512 eius
441 1445 558 1532 Sophia
580 1444 726 1534 vocatur)
750 1461 780 1510 et
806 1443 956 1530 Spiritum
981 1459 1124 1509 sanctum
1154 1441 1192 1508 ab
1218 1465 1267 1523 eo,
1291 1443 1344 1530 qui
1371 1459 1418 1508 est

350 1573 423 1638 erga
443 1550 606 1619 Christum
627 1551 769 1637 Spiritus.
817 1549 998 1616 Formatam
1011 1566 1115 1615 autem
1129 1572 1199 1614 eam
1218 1565 1248 1615 et
1261 1565 1418 1614 sensatam

351 1656 476 1739 factam,
496 1658 600 1724 statim
618 1673 722 1723 autem
746 1673 927 1722 evacuatam
952 1654 989 1722 ab
1006 1679 1044 1722 eo
1058 1657 1111 1744 qui
1126 1653 1323 1722 invisibiliter
1342 1678 1417 1722 cum

349 1787 384 1831 ea
408 1781 473 1830 erat
496 1762 614 1842 Verbo,
630 1763 691 1830 hoc
715 1779 761 1829 est
786 1763 925 1844 Christ0,
944 1764 976 1829 in
1000 1763 1240 1850 exquisitionem
1257 1784 1416 1850 egressam

348 1873 415 1937 eius
434 1870 573 1951 luminiS,
591 1869 676 1959 quod
700 1893 733 1935 se
757 1868 986 1957 dereliquisset:
1005 1886 1036 1937 et
1059 1891 1123 1935 non
1146 1869 1285 1958 potuisse
1308 1892 1418 1957 appre-

348 1975 484 2042 hendere
496 1973 582 2057 illud,
601 1976 751 2064 quoniam
767 1974 966 2042 coercebatur
983 1976 1020 2041 ab
1036 1975 1137 2041 Horo.
1184 1976 1223 2041 Et
1239 1977 1284 2042 sic
1302 1976 1416 2041 Horon

347 2155 404 2241 ἰδίᾳ
423 2155 545 2239 δυνάμει
564 2163 718 2238 μορφῶσαι
737 2154 890 2241 μόρφωσιν
907 2157 960 2238 τὴν
979 2152 1048 2218 κατ’
1057 2153 1161 2218 οὐσίαν
1179 2154 1278 2238 μόνον,
1298 2151 1368 2216 ἀλλ’
1380 2155 1415 2216 οὐ

346 2266 398 2348 τὴν
420 2266 500 2327 κατὰ
522 2272 646 2346 γνῶσιν·
671 2265 723 2326 καὶ
738 2261 890 2346 πράξαντα
903 2271 990 2326 τοῦτο
1009 2261 1199 2344 ἀναδραμεῖν,
1215 2260 1413 2325 συστειλαντα

345 2369 436 2432 αὐτοῦ
458 2372 511 2451 τὴν
534 2367 665 2451 δύναμιν,
690 2368 742 2430 καὶ
763 2366 939 2430 καταλιπεῖν
954 2367 1057 2450 αὐτὴν,
1074 2368 1156 2442 ὅπως
1174 2363 1342 2449 αἰσθομένη
1359 2373 1413 2428 τοῦ

344 2477 412 2558 περὶ
427 2475 520 2558 αὐτὴν
530 2474 651 2550 παθους
666 2475 714 2538 διὰ
728 2476 781 2558 τὴν
795 2473 976 2559 ἀπαλλαγὴν
989 2482 1041 2538 τοῦ
1057 2471 1275 2558 Πληριῖιματος,
1292 2472 1411 2557 ὁρεχθῇ

344 2591 401 2646 τῶν
409 2581 615 2666 διαφερῦντιυν,
625 2580 813 2666 ἔχουσιίτινα
825 2581 918 2666 ὀδμὴν
928 2579 1108 2665 ἀφθαρσίας,
1119 2579 1412 2665 ἐγκαταλειφθεῖσαν

344 2691 419 2772 αὐτῇ
435 2689 493 2752 ὑπὸ
508 2698 560 2752 τοῦ
576 2689 709 2773 Χριστοῦ
724 2691 776 2752 καὶ
791 2699 844 2752 τοῦ
857 2689 944 2773 ἁγίου
957 2688 1141 2773 Πνεῦματος.
1190 2687 1243 2751 Διὸ
1255 2689 1308 2751 καὶ
1318 2689 1414 2770 αι’ντὴν

342 2805 401 2872 τοῖς
431 2793 608 2880 ἀμφοτέροις
637 2795 761 2880 ὀνόμασι
784 2777 956 2876 καλεῖσθαι,
982 2787 1095 2878 Σοφίαν
1117 2816 1150 2859 τε
1178 2803 1413 2879 πατρωνυμικῶς

343 2897 378 2990 (b
399 2905 458 2988 γὰρ
481 2903 580 2986 πατὴρ
603 2903 693 2985 αὐτῆς
717 2900 814 2986 Σοφία
836 2900 1006 2990 κλῄζεται),
1025 2905 1078 2966 καὶ
1098 2901 1223 2985 Πνεῦμα
1245 2903 1330 2986 ἅγιον
1348 2901 1410 2964 ἀπὸ

341 3017 394 3072 τοῦ
408 3011 476 3092 ιτερὶ
494 3012 544 3073 τὸν
563 3008 693 3091 Χριστὸν
713 3007 897 3092 Πνεῦματος.
944 3006 1167 3093 Μορφιυθεῖσῖιν
1183 3029 1216 3071 τε
1235 3009 1337 3090 αὐτὴν,
1358 3009 1413 3072 καὶ

341 3117 474 3200 ἔμφρονα
484 3115 675 3201 γεννηθεῖσαν,
689 3113 858 3197 παραυτίκα
873 3114 906 3178 δὲ
922 3115 1110 3179 κενωθεῖσαν
1123 3124 1176 3178 τοῦ
1187 3113 1322 3199 ἀοράτως
1334 3115 1410 3196 αὐτῇ

342 3222 481 3298 συνόντος
500 3221 612 3307 Λόγου,
628 3219 762 3285 τουτέστι
777 3230 830 3284 τοῦ
846 3218 990 3307 Χριστοῦ,
1007 3222 1057 3285 ἐπὶ
1070 3221 1193 3306 ζήτησιν
1208 3220 1337 3306 ὁρμῆσαι
1357 3228 1411 3282 τοῦ

341 3329 557 3406 καταλιπόντος
580 3331 671 3413 αὐτὴν
694 3331 791 3413 φωτὸς
813 3331 866 3392 καὶ
885 3331 926 3414 μὴ
944 3328 1110 3414 δυνηθῆναι
1127 3327 1310 3413 καταλαβεῖν
1324 3329 1409 3407 αὐτὸ,

340 3436 444 3500 διὰτὸ
467 3437 643 3522 κωλυθῆναι
672 3437 731 3500 ὑπὸ
761 3445 813 3499 τοῦ
836 3435 941 3520 Ὄρου.
989 3438 1054 3502 Καὶ
1079 3438 1215 3501 ἐνταῦθα
1242 3438 1293 3499 τὸν
1314 3433 1410 3518 Ὀρον

340 3609 417 3675 mox)
436 3608 469 3661 ad
488 3607 641 3661 Achamoth
656 3607 799 3672 descendit,
819 3618 847 3660 ut
901 3609 961 3662 cleti
993 3609 1051 3662 Iesu
1082 3625 1179 3662 munus
1209 3619 1257 3671 est,
1288 3607 1331 3678 qui
1361 3624 1410 3677 po-

339 3691 400 3746 huic
420 3693 499 3762 (quae
526 3691 643 3762 informis
665 3703 722 3745 erat
746 3703 771 3745 et
790 3692 847 3745 sine
900 3703 1000 3746 stremo
1018 3709 1079 3744 cum
1097 3691 1251 3744 Achamoth
1269 3690 1409 3763 syzygiam

340 3777 426 3847 specie
444 3793 476 3830 eo
498 3775 567 3848 quod
587 3777 654 3830 nihil
672 3776 845 3848 apprehendis-
900 3775 995 3830 efficiet
1013 3774 1071 3844 (εῖτ.
1090 3791 1112 3829 c.
1132 3775 1203 3842 Vll).

337 3861 385 3930 set)
410 3860 540 3914 conferret
564 3860 678 3914 sormam
702 3861 845 3932 quamdam
935 3861 979 3930 (r)
994 3861 1044 3914 Scl.
1060 3860 1088 3913 in
1100 3860 1230 3913 Pleroma.
1267 3859 1408 3913 Pauloali-

338 3963 389 4016 qua
404 3945 478 3999 lieret
502 3946 596 3999 saltem
620 3945 775 4010 substantia,
795 3947 845 3999 etsi
899 3958 940 3999 ter
949 3945 1025 3999 Hirr.
1037 3943 1084 4010 Vl,
1096 3959 1136 4014 31,
1146 3956 1173 3998 et
1182 3943 1245 3998 Exr.
1260 3943 1349 3997 Παιοιὶ.
1364 3957 1407 4014 23,

337 4029 375 4082 nil
405 4029 549 4101 agnitionis
576 4029 671 4099 (virilis
702 4029 844 4098 seminisl)
899 4046 929 4082 ea
945 4029 1106 4101 perfectione
1120 4029 1247 4082 donatam
1259 4028 1355 4082 docent
1368 4029 1406 4080 A·

337 4113 424 4167 eidem
442 4113 580 4168 tribueret:
602 4114 653 4166 hoc
675 4113 747 4167 enim
765 4113 843 4166 Para·
899 4113 1034 4180 chamoth,
1052 4130 1104 4184 qua
1122 4113 1203 4167 ceteri
1218 4112 1333 4166 Aeones.
