3230 5062
349 412 408 494 176
633 428 761 475 lRENAEl
785 429 945 476 ADVERSUS
968 427 1123 474 Haereses
1256 424 1339 494 [XIIL
1358 439 1408 493 4-5

411 647 441 709 4.
467 623 571 714 [WH.
600 623 674 703 VII,
701 622 745 713 3].
792 623 858 690 Iam
883 645 959 690 vero
981 619 1134 710 quaedam
1158 645 1197 686 ex
1219 619 1413 687 fidelissimis

345 731 537 813 mulieribus,
561 753 639 818 quae
663 728 775 797 habent
799 731 949 797 timorem
973 730 1043 805 Dei,
1064 745 1094 795 et
1112 750 1177 795 non
1196 743 1269 794 sunt
1291 727 1415 794 seduci-

345 837 433 916 biles,
455 859 532 926 quas
555 835 699 902 similiter
721 851 755 901 ut
779 835 912 923 reliquas
935 832 1092 902 affectavit
1119 832 1277 915 seducere,
1301 830 1413 899 iubens

344 945 389 1011 eis
412 941 608 1031 prophetare,
631 941 831 1008 exsufflantes
850 957 881 1008 et
899 940 1242 1008 catathematizantes(¹)
1260 963 1345 1020 eum,
1365 962 1414 1005 se-

345 1066 529 1138 paraverunt
553 1073 586 1116 se
609 1047 647 1115 ab
671 1033 853 1116 huiusmodi
871 1049 993 1130 insano,
1011 1048 1065 1135 qui
1081 1071 1114 1114 se
1128 1047 1271 1114 divinum
1297 1049 1413 1135 spirare

345 1156 573 1224 simulabat:(²)
596 1178 653 1244 pro
669 1173 755 1223 certo
774 1157 917 1237 scientes
932 1157 1084 1244 quoniam
1104 1155 1288 1243 prophetare
1311 1179 1377 1222 non
1396 1179 1413 1221 a

345 1265 454 1331 Marco
483 1287 578 1352 mago
606 1262 721 1331 inditur
749 1262 941 1346 hominibus
965 1261 1019 1329 sed
1051 1260 1301 1350 quibuscumque
1326 1261 1413 1327 Deus

344 1370 476 1459 desuper
494 1371 661 1437 immiserit
684 1372 816 1459 gratiam
842 1393 942 1452 suam,
959 1369 991 1437 hi
1007 1393 1024 1437 a
1043 1371 1114 1437 Deo
1130 1369 1274 1436 traditam
1299 1367 1414 1436 habent

346 1476 552 1566 prophetiam,
576 1494 606 1544 et
629 1494 703 1544 runc
726 1477 897 1565 loquuntur
919 1476 983 1559 ubi,
1007 1493 1037 1544 et
1060 1476 1185 1564 quando
1217 1477 1305 1543 Deus
1327 1475 1413 1557 vult;

345 1583 399 1650 sed
419 1607 483 1650 non
501 1581 626 1671 quando
646 1584 773 1650 Marcus
796 1582 890 1650 iubet.
937 1582 1037 1665 Quod
1059 1585 1145 1649 enim
1161 1582 1256 1662 iubet,
1272 1605 1310 1648 eo
1329 1580 1413 1670 quod

346 1688 469 1756 iubetur
484 1691 585 1756 maius
604 1706 651 1757 est
667 1704 696 1755 et
712 1689 914 1770 dominatius‚
929 1690 1080 1776 quoniam
1095 1687 1170 1754 illud
1185 1687 1313 1777 quidem
1329 1689 1415 1775 prin-

346 1797 475 1884 cipatur,
499 1795 574 1863 illud
590 1812 694 1862 autem
715 1795 891 1862 subiectum
908 1795 1006 1861 esth)
1051 1795 1084 1862 Si
1103 1818 1180 1882 ergo
1200 1795 1328 1861 Marcus
1345 1795 1415 1883 qui-

345 1903 419 1969 dem
442 1902 537 1983 iubet,
560 1902 610 1968 vel
634 1902 713 1968 alius
735 1903 804 1990 quis
828 1902 925 1992 (sicut
955 1901 1057 1968 solent
1081 1903 1113 1967 in
1140 1902 1244 1967 caenis
1279 1898 1415 1966 sortibus

347 2010 379 2076 hi
403 2033 515 2076 omnes
535 2009 688 2092 ludere,(⁴)
704 2025 734 2076 et
753 2009 954 2096 sibimetipsis
970 2010 1108 2076 invicem
1121 2010 1275 2096 imperare
1291 2025 1324 2074 ut
1343 2030 1417 2096 pro-

414 2184 445 2246 4.
464 2161 547 2246 Ἤδη
563 2162 597 2224 δὲ
612 2171 671 2225 τῶν
685 2161 870 2224 πιστοτύιτιυν
883 2162 959 2238 τινὲς
976 2169 1125 2245 γυναικῶν
1139 2169 1198 2224 τῶν
1213 2159 1351 2245 ἐχουσῶν
1364 2162 1416 2223 τδν

346 2268 440 2354 φόβον
457 2277 511 2332 τοῦ
529 2266 619 2348 Θεοῦ,
635 2271 688 2331 καὶ
704 2269 745 2352 μη
765 2266 1021 2352 ἐξαπατηθεισῶν,
1036 2269 1073 2343 θς
1091 2265 1200 2351 ὁμοίως
1217 2276 1281 2344 τοῖς
1299 2266 1416 2341 λοιπαῖς

347 2375 529 2458 ἐπετήδευσε
543 2373 753 2457 παραπεύθειν,
770 2373 902 2438 κελεύων
918 2376 1021 2450 αύτσιις
1034 2371 1242 2458 προφητεύειν,
1257 2375 1310 2437 καὶ
1324 2394 1416 2438 καιτοι·

347 2481 530 2566 φυσησασσι,
545 2483 599 2544 καὶ
612 2479 897 2564 καταθεματίσασαι
913 2483 1012 2561 αὐτὸν,
1027 2479 1243 2565 ἐχωρίσθησαν
1256 2489 1308 2545 τοῦ
1324 2478 1417 2544 τοιού

348 2609 401 2653 του
425 2589 554 2654 θιάσου·
577 2589 707 2674 ἀκριβῶς
721 2587 836 2670 εἰδυῖαι,
854 2592 899 2652 δτι
914 2587 1110 2672 προφητεύειν
1133 2589 1193 2673 οὐχ
1215 2588 1274 2651 ὑπὸ
1288 2585 1416 2672 Μάρκου

348 2705 400 2761 τοῦ
424 2695 524 2782 μάχου
546 2695 695 2780 ἐγγίνεται
708 2705 768 2771 τοῖς
783 2694 964 2778 ἀνθρώποις,
981 2692 1051 2758 ἀλλ’
1063 2696 1106 2771 οἷς
1121 2697 1158 2758 ἂν
1173 2695 1190 2758 δ
1206 2693 1284 2771 Θεδς
1298 2693 1417 2758 ἄνωθεν

349 2801 505 2886 ἐπιπέμψη
527 2805 579 2886 τὴν
602 2801 690 2888 χάριν
713 2803 816 2884 αὑτοῦ,
839 2805 920 2867 ούτοι
934 2799 1100 2870 θεόσδοτον
1115 2803 1220 2886 ἔχουσι
1235 2803 1290 2886 την
1304 2821 1417 2887 προφη-

349 2910 440 2990 τείαν,
455 2911 508 2972 καὶ
521 2908 588 2973 τότε
603 2908 746 2973 λαλοῦσιν
761 2909 839 2973 ἔνθα
853 2911 906 2972 καὶ
921 2908 1014 2972 ύπύτε
1030 2906 1108 2986 Θεὸς
1120 2907 1268 2994 βούλεται,
1280 2907 1418 2993 ἀλλὀὐχ

350 3021 400 3082 hta
423 3017 547 3104 Μάρκος
570 3017 699 3080 κελεύει.
746 3016 791 3081 Ta
806 3020 865 3100 γὰρ
879 3016 1005 3080 κελεῦον
1021 3027 1073 3081 τοῦ
1091 3014 1294 3099 κελευομὲνου
1312 3015 1417 3099 ρεῐζύν

349 3145 382 3188 τε
405 3125 457 3186 καὶ
479 3121 667 3206 κυριώτερον,
691 3122 757 3186 ἐπεὶ
780 3125 814 3186 τὸ
838 3124 892 3207 μὲν
909 3131 1094 3206 προηγεῖται,
1110 3123 1143 3185 τὸ
1158 3121 1192 3184 δὲ
1207 3119 1416 3185 ὑποτέτακται.

351 3230 388 3294 Εἰ
411 3233 463 3293 σύν
486 3228 610 3314 Μάρκος
632 3231 687 3314 μὲν
705 3228 833 3304 κελεύει,
852 3230 872 3312 η
890 3227 983 3305 ἄλλος
998 3250 1040 3306 τις
1059 3226 1116 3316 (ὡς
1134 3227 1279 3292 εἰώθασιν
1295 3229 1345 3292 ἐπὶ
1358 3236 1417 3304 τοῖς

350 3335 478 3412 δείπνοις
499 3346 552 3399 τοῦ
574 3335 689 3421 κλήρου
707 3339 787 3400 ούτοι
807 3334 934 3399 πάντοτε
951 3334 1076 3416 παίζειν,
1095 3336 1149 3400 καὶ
1166 3334 1310 3418 ἀλλήλοις
1332 3333 1419 3419 ἐγκε-

387 3485 429 3556 (1)
449 3486 468 3538 1.
489 3503 511 3540 e.
530 3498 705 3540 exsecrantes.
748 3486 858 3539 Utrum·
912 3485 982 3555 quod
1001 3497 1054 3538 est:
1076 3485 1196 3538 divinum
1215 3484 1323 3554 spirare.

351 3589 401 3641 que
420 3572 529 3624 verbum
546 3582 585 3623 est
598 3588 629 3624 ex
643 3570 749 3642 liturgia
762 3569 859 3640 baptis·
948 3571 990 3638 (3)
1019 3569 1069 3624 Sci.
1106 3569 1175 3640 quod
1203 3569 1274 3622 iubet
1312 3567 1418 3640 aliquid,

352 3655 424 3708 mali.
461 3654 515 3708 cfr,
534 3655 619 3720 XVII,
637 3669 659 3724 3.
913 3654 998 3706 maius
1017 3667 1043 3708 et
1067 3653 1244 3724 praestantius
1263 3653 1313 3724 (gr.
1332 3655 1419 3720 κυριό-

387 3741 429 3808 (2)
444 3739 545 3793 Graece
561 3740 668 3794 unicum
681 3740 792 3794 verbum
805 3751 858 3792 est:
911 3739 1000 3808 τερον)
1019 3753 1076 3791 esse
1094 3737 1169 3791 debet
1188 3755 1220 3791 eo
1239 3737 1282 3790 cui
1294 3737 1365 3790 iubet
1379 3736 1419 3805 (in

351 3832 398 3878 τοῦ
412 3828 531 3879 τοιούτου
544 3827 648 3890 θιασου,
659 3826 675 3878 i.
689 3841 713 3878 e.
729 3825 760 3878 ab
772 3825 860 3877 huius·
913 3841 984 3889 casu,
996 3823 1088 3893 spiritu
1101 3822 1281 3892 prophetico);
1293 3821 1419 3892 quoniam

352 3910 420 3964 modi
438 3910 526 3975 chor03
550 3913 644 3974 θίασος
663 3911 734 3964 enim
760 3927 860 3964 nornen
912 3908 1001 3960 iubere
1014 3918 1054 3960 est
1067 3906 1203 3978 principis;
1216 3906 1317 3959 iussum
1330 3921 1419 3978 capes·

352 3996 504 4049 technicum
522 4006 562 4047 est
577 3995 610 4046 ad
627 3994 781 4048 indicandos
800 4011 859 4047 coe·
913 4008 969 4046 sere
988 3991 1107 4044 subiecti.
1125 4049 1127 4052 ,

351 4093 394 4133 tus
413 4079 546 4152 mysteriis
565 4079 691 4132 addictos.
729 4078 860 4148 interpres
948 4076 990 4145 (4)
1009 4076 1069 4128 Mos
1096 4087 1122 4130 et
1149 4075 1278 4128 Romanis
1305 4085 1361 4128 erat
1392 4073 1420 4126 in
1448 4099 1450 4106 >

352 4165 462 4219 sortasse
486 4165 550 4236 legit
572 4167 684 4217 θειοὶσου
704 4181 718 4216 a
738 4161 858 4228 θεὶαζειν
912 4160 1001 4214 caenis
1019 4159 1133 4214 talorum
1152 4159 1221 4212 iactu
1243 4157 1281 4210 uti
1300 4159 1332 4212 ad
1354 4157 1420 4212 desi-
