3274 5100
365 477 425 564 378
649 499 777 546 innuant
796 499 955 545 novamus
974 499 1129 545 naereses
1262 496 1357 566 [xt'tt
1379 511 1430 562 2-5

361 692 538 778 separatim,
562 707 592 756 et
616 713 705 756 suam
724 691 946 778 figurationem
960 691 1088 772 habens,
1104 689 1375 779 quemadmodum
1392 690 1433 757 ab

361 798 490 864 homine
513 797 624 879 homo,
648 815 678 863 et
700 821 717 864 a
736 797 854 885 pecude
878 799 994 886 pecus?
1039 800 1104 864 Aut
1124 799 1296 864 secundum
1313 801 1433 886 germi-

361 906 533 984 nationem,
552 902 821 992 quemadmodum
838 903 875 971 ab
891 903 1001 971 arbore
1017 906 1121 972 rami?
1167 905 1206 972 Et
1225 921 1330 972 utrum
1348 907 1433 972 eius-

361 1011 434 1077 dem
458 1009 687 1078 substantiael¹l
709 1009 898 1078 exsistebant
921 1011 970 1077 his
992 1013 1045 1099 qui
1070 1034 1103 1077 se
1126 1013 1309 1092 emiserunt,
1333 1035 1373 1077 an
1391 1035 1433 1077 ex

361 1119 454 1185 altera
478 1117 613 1206 quadarn
637 1116 806 1184 substantia
826 1116 1031 1184 substantiam
1047 1117 1218 1185 habentes?
1263 1118 1303 1184 Et
1322 1135 1430 1184 utrum

360 1227 393 1292 in
416 1225 529 1292 eodem
553 1225 660 1292 emissi
685 1242 768 1306 sunt,
792 1242 826 1291 ut
842 1222 984 1291 eiusdem
1000 1225 1153 1312 temporis
1168 1242 1273 1290 esseut
1296 1224 1373 1306 sibi,
1390 1249 1431 1290 an

361 1333 534 1399 secundum
558 1333 703 1400 ordinem
734 1331 915 1420 quemdam,
944 1333 986 1397 ita
1018 1349 1052 1397 ut
1075 1333 1267 1418 antiquiores
1299 1332 1430 1419 quidam

360 1441 515 1527 ipsorum,
531 1438 581 1504 alii
605 1461 681 1504 vero
697 1439 875 1504 iuveniores
898 1438 1021 1504 essent?
1078 1437 1116 1503 Et
1140 1454 1246 1504 utrum
1270 1438 1431 1526 simplices

361 1546 489 1636 quidem
516 1563 547 1614 et
570 1545 756 1624 uniformes
780 1562 810 1611 et
834 1544 970 1633 undique
994 1542 1052 1611 sibi
1075 1544 1218 1633 aequales
1243 1562 1273 1611 et
1298 1545 1431 1625 similes,

361 1651 631 1744 quemadmodum
649 1654 775 1740 spiritus
791 1669 821 1720 et
838 1653 956 1720 lumina
969 1653 1084 1718 emissa
1101 1668 1187 1732 sunt;
1204 1675 1244 1718 an
1259 1654 1430 1740 compositi

363 1777 393 1826 et
416 1758 605 1835 differentes,
629 1758 796 1826 dissimiles
821 1757 971 1825 membris
995 1759 1082 1824 suis?

432 1888 460 1952 3.
485 1867 545 1934 Sed
570 1867 596 1932 si
619 1865 747 1953 quidem
771 1864 963 1932 efficabiliter
982 1882 1012 1930 et
1031 1864 1204 1931 secundum
1222 1887 1312 1930 suam
1325 1864 1357 1918 (²)
1376 1889 1433 1952 ge-

363 1975 451 2040 nesin
475 1974 687 2062 unusquisque
706 1973 833 2039 illorum
854 1974 988 2038 emissus
1003 1989 1051 2038 est
1067 1970 1239 2038 secundum
1259 1972 1430 2038 hominum

363 2079 619 2158 similitudinem;
643 2079 694 2146 vel
716 2081 933 2168 generationes
956 2081 1056 2146 Patris
1080 2095 1170 2145 erunt
1189 2077 1330 2145 eiusdem
1355 2077 1432 2144 sub-

364 2188 493 2254 stantiae
516 2189 544 2253 ei
560 2204 591 2253 et
606 2186 724 2252 similes
740 2188 926 2274 generatori,
942 2185 992 2252 vel
1009 2185 1063 2276 [si]
1082 2185 1252 2252 dissimiles
1266 2184 1431 2273 parebunt,

364 2317 402 2359 ex
424 2293 519 2359 altera
541 2291 675 2380 quadam
700 2292 869 2358 substantia
893 2290 1034 2358 confiteri
1050 2315 1105 2356 eos
1128 2314 1196 2357 esse
1220 2314 1347 2358 necesse
1371 2307 1431 2356 est.

365 2399 404 2465 Et
426 2401 453 2464 si
475 2397 603 2486 quidem
627 2399 727 2465 Patris
751 2400 967 2486 generationes
991 2398 1109 2464 similes
1131 2400 1288 2478 emissori,
1312 2399 1433 2485 impas-

364 2504 463 2572 sibilia
486 2503 728 2593 perseverabunt
751 2529 786 2571 ea
808 2529 887 2594 quae
911 2506 1026 2571 emissa
1049 2521 1131 2586 sunt,
1157 2505 1433 2593 quemadmodum

364 2629 394 2680 et
417 2615 443 2678 is
461 2615 515 2701 qui
532 2614 636 2679 emisit
653 2612 722 2691 illa3
739 2615 765 2678 si
788 2629 892 2679 autern
917 2635 954 2679 ex
978 2612 1071 2679 altera
1092 2613 1226 2700 quadam
1246 2613 1432 2695 substantia,

363 2743 441 2807 quae
465 2736 511 2786 est
535 2743 629 2807 capax
653 2721 846 2806 passionum,
870 2718 952 2786 unde
975 2719 1050 2786 haec
1074 2717 1236 2786 dissimilis
1260 2718 1433 2786 substantia

363 2828 443 2893 intra
462 2827 537 2894 illud
563 2825 647 2915 quod
674 2843 721 2892 est
744 2825 969 2914 incorruptelae
993 2827 1161 2892 Pleroma?
1205 2824 1318 2893 Adbuc
1334 2827 1432 2892 etiam

364 2933 537 3001 secundum
560 2933 640 3000 banc
663 2935 817 3001 rationem
841 2934 1053 3021 unusquisque
1072 2956 1184 2999 eorum
1200 2935 1365 3020 separatim
1383 2933 1433 3000 di-

364 3042 450 3106 visus
473 3039 511 3107 ab
534 3040 631 3106 altero
655 3040 854 3128 intelligetur,
878 3038 1147 3128 quemadmodum
1177 3039 1333 3122 homines,
1364 3063 1432 3106 non

364 3149 531 3229 admixtus,
555 3170 612 3214 nec
629 3148 733 3213 unitus
749 3147 948 3227 alteraltero,
968 3145 1021 3215 sed
1040 3148 1073 3213 in
1091 3145 1278 3234 figuratione
1296 3148 1433 3215 discreta

365 3271 394 3321 et
407 3255 695 3342 circumscriptione
715 3252 852 3335 definita,
866 3271 897 3319 et
912 3253 1136 3341 magnitudinis
1147 3255 1318 3341 quantitate
1332 3278 1434 3320 unus-

364 3363 494 3450 quisque
510 3362 651 3449 ipsorum
671 3358 926 3442 deformatus;(³)
948 3383 1027 3448 quae
1046 3363 1169 3449 propria
1189 3362 1329 3449 corporis
1346 3379 1433 3441 sunt,

365 3486 395 3535 et
425 3491 489 3534 nou
510 3469 646 3555 spiritus.
711 3468 777 3534 larn
800 3470 894 3556 igitur
924 3491 989 3534 nou
1022 3468 1158 3556 spiritale
1189 3468 1337 3534 Pleroma
1361 3491 1433 3535 esse

364 3648 464 3707 ριπῶς.
492 3641 544 3694 Res
554 3659 619 3695 vero
628 3659 701 3713 seqq.
711 3643 871 3712 explicatur:
929 3643 1090 3714 «signantur
1108 3643 1200 3714 quibus
1219 3655 1309 3713 postea
1329 3644 1432 3696 Aria-

365 3727 381 3778 i.
389 3743 411 3779 e.
422 3727 494 3797 quasi
506 3727 606 3797 plasma
615 3727 751 3796 proprium
762 3737 787 3780 et
797 3744 872 3798 sepa·
928 3747 942 3777 rr
954 3744 971 3778 n
979 3745 1072 3780 orum
1092 3744 1166 3780 error
1184 3727 1340 3799 profligatus
1355 3741 1394 3780 est
1405 3750 1432 3781 n.

365 3822 449 3863 ratam
462 3809 574 3882 figuram
588 3811 723 3864 habentes.
755 3809 791 3864 Cf
802 3811 833 3881 .§
848 3827 870 3880 3.
960 3814 1002 3881 (1)
1022 3815 1169 3880 ὀμοοὺσιοι.
1179 3854 1200 3867 ..
1216 3820 1279 3878 τοῖς,
1297 3813 1342 3866 cst.
1362 3814 1383 3876 l,
1402 3829 1432 3876 v,

365 3894 418 3947 llas
437 3895 588 3966 questiones
612 3911 689 3965 saepe
713 3895 871 3966 posteriores
928 3913 976 3950 1-2
996 3899 1052 3968 (pp.
1076 3897 1217 3964 ros-106).

364 3979 455 4032 Patres
482 3979 514 4032 de
541 3978 608 4032 Filio
629 3993 655 4033 et
679 3981 713 4058 de
731 3980 827 4050 Spiritu
847 3997 868 4032 s.
960 3985 1003 4050 (2)
1016 3981 1431 4053 1.e.perpropriammaetatav)

364 4064 508 4134 exagitant.
545 4063 596 4116 Sed
609 4065 673 4117 scite
686 4064 823 4118 Hnauacu
837 4065 870 4117 ad
924 4067 1132 4136 generationem.

363 4149 427 4201 lraec
437 4147 511 4217 [DG.
521 4148 553 4212 12,
561 4149 639 4218 481]:
651 4149 721 4201 «Hic
734 4161 761 4202 et
771 4167 792 4202 c.
801 4164 870 4212 xvu,
961 4153 1003 4218 (3)
1018 4151 1051 4203 H.
1061 4167 1084 4204 e.
1094 4151 1126 4203 de
1138 4151 1313 4204 determinata
1326 4151 1431 4220 magni-

367 4247 408 4297 «4
427 4233 481 4285 iarn
500 4231 608 4303 logica
627 4245 783 4304 argumenta
796 4250 870 4304 prae·
924 4234 1023 4288 tudinis
1041 4235 1187 4306 quantitate
1207 4248 1367 4306 compactus.
