3238 5090
349 423 413 506 418
639 441 768 489 trenam
792 443 952 488 romans
975 443 1134 490 nam
1242 441 1353 511 ρων,
1368 458 1422 510 5-4

348 652 420 702 sunt
443 636 475 702 in
494 636 672 704 Pleromate
690 635 866 718 ostendere,
894 638 927 702 in
957 636 1132 704 verioribus
1155 655 1186 703 et
1209 637 1420 704 sanctioribus

347 741 413 809 fieri
437 759 531 831 typos
556 742 686 810 luissent
709 744 842 832 operati:
867 759 897 810 et
920 744 1059 810 maxime
1082 761 1186 810 autem
1206 745 1239 810 in
1261 745 1326 832 ipsa
1345 767 1419 810 arca

347 851 537 932 testamenti,
555 872 610 938 per
632 873 725 938 quam
742 849 775 904 (Ι)
797 868 827 916 et
854 873 951 916 omne
973 850 1210 918 tabernaculum
1242 847 1419 917 testimonii

347 957 560 1044 compositum
584 973 641 1024 est.
689 957 779 1024 Facta
800 975 847 1025 est
865 973 969 1024 autem
993 957 1080 1037 haec,
1099 955 1265 1046 longitudo
1288 957 1416 1046 quidem

347 1065 413 1129 eius
437 1062 548 1130 cubitis
571 1061 694 1131 duobus
717 1081 748 1129 et
771 1063 913 1145 dimidio,
928 1065 961 1118 (²)
984 1063 1115 1131 latitudo
1137 1082 1242 1131 autem
1266 1067 1332 1132 eius
1351 1088 1418 1131 uno

347 1169 452 1236 cubito
475 1187 505 1236 et
527 1170 672 1254 dimidio,
696 1187 726 1236 et
746 1169 875 1237 altitudo
899 1170 1005 1238 cubito
1028 1194 1093 1238 uno
1116 1189 1148 1238 et
1169 1170 1321 1240 dimidio:
1355 1195 1419 1237 nu-

347 1300 453 1344 merus
477 1294 582 1345 autem
610 1279 668 1344 iste
697 1275 876 1344 cubitorum
900 1279 934 1345 in
965 1279 1053 1344 nullo
1088 1280 1237 1345 convenit
1261 1277 1416 1366 figmento

346 1405 469 1464 eorum,
494 1405 663 1471 perquem
689 1384 827 1450 maxime
850 1400 943 1472 typus
973 1382 1097 1451 ostendi
1119 1383 1235 1451 debuit.
1282 1383 1320 1450 Et
1342 1407 1418 1472 pro-

347 1491 540 1578 pitiatorium
560 1507 665 1557 autem
681 1491 824 1558 similiter
843 1492 875 1558 in
894 1490 982 1557 nullo
1002 1493 1149 1558 convenit
1168 1490 1416 1578 expositionibus

347 1597 514 1662 eorum.(³)
558 1596 671 1663 Adhuc
701 1613 807 1662 autem
837 1613 868 1663 et
898 1620 1006 1662 mensa
1034 1598 1257 1684 propositionis
1291 1595 1416 1664 duobus

347 1704 458 1771 cubitis
483 1701 657 1792 longitud0,
680 1721 711 1770 et
734 1706 827 1770 unius
849 1702 944 1770 cubiti
980 1703 1121 1786 latitudo,
1150 1703 1281 1770 altitudo
1308 1721 1415 1770 autem

346 1813 413 1877 eius
429 1811 520 1876 unius
537 1808 631 1876 cubiti
651 1827 683 1875 et
697 1808 829 1893 dimidii,
837 1811 870 1864 (⁴)
885 1811 975 1894 (haec
991 1827 1062 1877 ante
1083 1827 1188 1876 sancta
1207 1816 1416 1894 sanctorum),

346 1943 400 2008 per
423 1943 502 2008 quae
525 1942 564 1985 ne
587 1941 649 1984 una
681 1917 809 2008 quidem
841 1920 996 2006 quantitas
1019 1919 1144 1984 numeri
1174 1916 1413 2006 significantiam

346 2027 603 2115 quaternationis,
637 2027 703 2092 sive
738 2027 959 2107 octonationis,
994 2041 1047 2092 aut
1082 2026 1191 2114 reliqui
1226 2025 1416 2092 Pleromatis

347 2156 457 2199 eorum
477 2134 627 2198 continet.
673 2132 761 2214 Quid
780 2149 884 2198 autem
902 2129 1122 2198 candelabrum
1146 2147 1266 2218 septem
1285 2129 1415 2218 quidem

347 2239 463 2306 habens
483 2240 677 2320 calamiscos
697 2240 838 2306 lucernas
857 2256 962 2305 autem
987 2241 1129 2327 septem?
1144 2241 1177 2292 (5)
1192 2257 1222 2306 et
1241 2241 1266 2306 si
1285 2240 1415 2330 quidem

347 2345 518 2412 secundum
533 2362 646 2434 typum
664 2345 741 2412 facta
755 2346 895 2428 luissent,
911 2346 1095 2412 calamiscos
1114 2363 1197 2427 oct0,
1221 2346 1416 2436 totidemque

347 2453 488 2518 lucernas
512 2450 625 2518 habere
639 2451 756 2533 debuit,
780 2451 816 2518 ad
833 2470 945 2540 typum
968 2453 1086 2539 primae
1102 2453 1320 2535 octonationis,
1335 2477 1416 2542 quae

345 2559 517 2648 praefulget
539 2561 571 2625 in
595 2559 769 2639 AeonibuS,
793 2575 824 2625 et
846 2559 1002 2625 illuminat
1024 2581 1153 2626 omnem
1177 2559 1416 2647 plenitudinem.

347 2667 434 2732 Atria
468 2683 574 2732 autem
602 2665 711 2732 decem
747 2667 926 2732 exsistentia
957 2665 1121 2752 diligenter
1156 2684 1415 2748 numeraverunt,

346 2790 459 2859 typum
483 2795 518 2837 ea
549 2771 687 2838 dicentes
716 2770 826 2838 decem
851 2769 1062 2852 Aeonum3<⁶l
1085 2771 1180 2859 pelles
1212 2789 1316 2837 autem
1349 2773 1414 2838 iam

345 2903 411 2946 non
434 2897 679 2947 numeraverunt
702 2877 875 2946 secundum
900 2901 1069 2944 numerum
1089 2876 1235 2946 undecim
1260 2879 1365 2946 factas.
1381 2881 1419 2934 (⁷)

347 2985 406 3052 Sed
431 3009 531 3073 neque
560 2987 701 3073 ipsorum
730 2987 882 3052 atriorum
912 2983 1160 3074 magnitudinem
1195 2987 1297 3051 mensi
1329 3002 1416 3066 sunt,

346 3094 457 3182 viginti
474 3110 504 3159 et
516 3109 589 3160 octo
601 3093 780 3161 cubitorum
795 3091 1023 3182 longitudinem
1037 3091 1282 3181 unumquodque
1297 3095 1416 3159 atrium

347 3199 522 3266 habenae)
567 3200 605 3266 Et
633 3201 853 3267 columnarum
890 3197 1119 3288 longitudinem
1154 3198 1268 3265 factam
1302 3199 1415 3266 decem

383 3419 424 3486 (1)
444 3417 514 3488 Lege
529 3424 631 3488 propter
650 3435 743 3488 quam:
762 3419 797 3468 δι’
811 3419 852 3483 ἢν.
907 3421 953 3481 Εἰς
972 3421 1038 3472 dario.
1055 3431 1071 3487 9
1087 3417 1151 3470 haec
1170 3416 1280 3470 Irenaeo
1299 3417 1415 3470 innuunt

346 3501 403 3553 lloc
414 3517 470 3570 cap.
480 3501 578 3553 directe
594 3501 735 3570 opponitur
744 3500 764 3566 l,
775 3515 852 3552 xt'nt.
907 3514 1007 3572 septem
1021 3503 1117 3565 caelos,
1130 3513 1231 3572 septem
1244 3501 1362 3572 angelos,
1374 3519 1417 3555 se·

382 3587 424 3654 (2)
440 3585 494 3639 Cfr.
513 3585 594 3638 Exod.
614 3585 699 3648 XXV,
722 3599 760 3638 ro.
907 3598 1031 3656 ptemque
1050 3584 1160 3652 Spiritus
1179 3600 1200 3638 s.
1220 3585 1298 3638 dona.

383 3673 424 3739 (3)
443 3670 524 3722 Exod.
544 3669 605 3723 ibid.
627 3685 666 3738 17.
934 3669 985 3737 γ(6)
998 3669 1052 3722 Cfr.
1069 3668 1089 3734 1,
1102 3684 1182 3734 xvan,
1198 3682 1209 3738 3
1224 3671 1260 3738 (p.
1276 3671 1416 3737 aaa-225).

382 3759 425 3826 (a)
444 3756 553 3818 Ibidem,
575 3771 616 3824 ²3·
908 3753 958 3806 Sed
977 3755 1085 3805 αὐλαῖαι
1099 3753 1204 3823 proprie
1219 3753 1278 3806 vela
1296 3768 1341 3805 seu
1357 3769 1417 3805 cor-

383 3845 425 3909 (ς)
445 3839 523 3892 Exod.
543 3837 629 3904 XXV,
653 3855 681 3908 31
704 3857 741 3910 sq.
754 3840 798 3892 ubi
811 3857 853 3893 sex
908 3838 977 3890 tinas
997 3837 1090 3890 innuit.

293 3977 300 3992 ,
347 3926 469 3978 dicuntur
492 3923 625 3976 calamisci
652 3923 721 3976 circa
748 3941 853 3976 ramum
944 3925 985 3990 (7)
1004 3920 1059 3974 Csr.
1080 3920 1162 3974 Exod.
1177 3921 1275 3986 XXVI,
1296 3937 1324 3988 7;
1342 3920 1417 3992 pelles

347 4010 465 4062 medium
498 4009 633 4060 lucernam
664 4008 853 4061 sustinentem:
907 4018 946 4058 est
961 4004 1104 4058 tentorium
1125 4022 1156 4058 ex
1175 4019 1204 4058 xr
1223 4005 1333 4075 pellibus
1351 4021 1417 4058 con-

347 4094 458 4147 fortasse
476 4111 518 4146 sex
537 4109 640 4164 quoque
660 4093 727 4146 lren.
751 4093 853 4163 scripsit
907 4101 1018 4143 textum.

348 4189 376 4230 ut
396 4179 487 4232 correl.
507 4179 596 4244 μὲν...
615 4181 645 4230 δὲ
665 4177 759 4230 innuit.
773 4209 807 4216 -
823 4177 854 4230 ln
944 4177 985 4244 (8)
1005 4174 1059 4229 Cfr.
1078 4176 1159 4229 Exod.
1179 4174 1278 4242 XXVI,
1298 4190 1323 4228 2.
