<?xml version="1.0" encoding="UTF-8"?>
<!DOCTYPE html PUBLIC "-//W3C//DTD XHTML 1.0 Transitional//EN"
    "http://www.w3.org/TR/xhtml1/DTD/xhtml1-transitional.dtd">
<html xmlns="http://www.w3.org/1999/xhtml" xml:lang="en" lang="en">
 <head>
  <title>
</title>
<meta http-equiv="Content-Type" content="text/html;charset=utf-8" />
  <meta name='ocr-system' content='tesseract 3.04.00' />
  <meta name='ocr-capabilities' content='ocr_page ocr_carea ocr_par ocr_line ocrx_word'/>
</head>
<body>
  <div class='ocr_page' id='page_1' title='image "./adversushaerese00irengoog_0128.png"; bbox 0 0 3230 5062; ppageno 0'>
   <div class='ocr_carea' id='block_1_1' title="bbox 201 404 1270 483">
    <p class='ocr_par' dir='ltr' id='par_1_1' title="bbox 201 404 1270 483">
     <span class='ocr_line' id='line_1_1' title="bbox 201 404 1270 483; baseline 0.007 -27"><span class='ocrx_word' id='word_1_1' title='bbox 201 404 235 472; x_wconf 78' lang='grc' dir='ltr'>(ι,</span> <span class='ocrx_word' id='word_1_2' title='bbox 259 405 327 476; x_wconf 77' lang='lat' dir='ltr'>1t)·]</span> <span class='ocrx_word' id='word_1_3' title='bbox 631 410 720 457; x_wconf 68' lang='lat' dir='ltr'>brnen</span> <span class='ocrx_word' id='word_1_4' title='bbox 744 410 858 456; x_wconf 79' lang='lat' dir='ltr'>nnruus</span> <span class='ocrx_word' id='word_1_5' title='bbox 1214 417 1270 483; x_wconf 85' lang='lat'>123</span> 
     </span>
    </p>
   </div>
   <div class='ocr_carea' id='block_1_2' title="bbox 198 603 1275 1976">
    <p class='ocr_par' dir='ltr' id='par_1_2' title="bbox 198 603 1275 1976">
     <span class='ocr_line' id='line_1_2' title="bbox 202 603 1274 698; baseline 0.009 -30"><span class='ocrx_word' id='word_1_6' title='bbox 202 603 287 692; x_wconf 92' lang='lat' dir='ltr'>quod</span> <span class='ocrx_word' id='word_1_7' title='bbox 312 620 359 670; x_wconf 91' lang='lat' dir='ltr'>est</span> <span class='ocrx_word' id='word_1_8' title='bbox 382 603 420 670; x_wconf 86' lang='lat' dir='ltr'>ab</span> <span class='ocrx_word' id='word_1_9' title='bbox 444 604 635 686; x_wconf 85' lang='lat' dir='ltr'>Achamoth,</span> <span class='ocrx_word' id='word_1_10' title='bbox 655 628 765 672; x_wconf 88' lang='lat' dir='ltr'>semen</span> <span class='ocrx_word' id='word_1_11' title='bbox 788 608 934 695; x_wconf 87' lang='lat' dir='ltr'>spiritale.</span> <span class='ocrx_word' id='word_1_12' title='bbox 982 609 1161 677; x_wconf 91' lang='lat' dir='ltr'>Dominum</span> <span class='ocrx_word' id='word_1_13' title='bbox 1179 612 1274 698; x_wconf 92' lang='lat' dir='ltr'>igitur</span> 
     </span>
     <span class='ocr_line' id='line_1_3' title="bbox 203 711 1275 800; baseline 0.009 -25"><span class='ocrx_word' id='word_1_14' title='bbox 203 726 350 776; x_wconf 93' lang='lat' dir='ltr'>nostrum</span> <span class='ocrx_word' id='word_1_15' title='bbox 373 735 411 777; x_wconf 84' lang='lat' dir='ltr'>err</span> <span class='ocrx_word' id='word_1_16' title='bbox 429 727 564 799; x_wconf 88' lang='lat' dir='ltr'>quatuor</span> <span class='ocrx_word' id='word_1_17' title='bbox 583 711 631 777; x_wconf 93' lang='lat' dir='ltr'>his</span> <span class='ocrx_word' id='word_1_18' title='bbox 650 714 865 800; x_wconf 90' lang='lat' dir='ltr'>compositum</span> <span class='ocrx_word' id='word_1_19' title='bbox 889 713 986 782; x_wconf 85' lang='lat' dir='ltr'>luisse</span> <span class='ocrx_word' id='word_1_20' title='bbox 1004 715 1123 799; x_wconf 90' lang='lat' dir='ltr'>dicunt,</span> <span class='ocrx_word' id='word_1_21' title='bbox 1147 741 1275 785; x_wconf 86' lang='lat' dir='ltr'>servan-</span> 
     </span>
     <span class='ocr_line' id='line_1_4' title="bbox 200 819 1274 913; baseline 0.009 -31"><span class='ocrx_word' id='word_1_22' title='bbox 200 834 265 882; x_wconf 86' lang='lat' dir='ltr'>tem</span> <span class='ocrx_word' id='word_1_23' title='bbox 285 836 398 905; x_wconf 81' lang='lat' dir='ltr'>typum</span> <span class='ocrx_word' id='word_1_24' title='bbox 421 819 647 905; x_wconf 84' lang='lat' dir='ltr'>primogenitae</span> <span class='ocrx_word' id='word_1_25' title='bbox 663 834 694 885; x_wconf 90' lang='lat' dir='ltr'>et</span> <span class='ocrx_word' id='word_1_26' title='bbox 717 820 836 907; x_wconf 85' lang='lat' dir='ltr'>primae</span> <span class='ocrx_word' id='word_1_27' title='bbox 851 823 1112 909; x_wconf 86' lang='lat' dir='ltr'>quaternationis;</span> <span class='ocrx_word' id='word_1_28' title='bbox 1128 822 1167 890; x_wconf 90' lang='lat' dir='ltr'>de</span> <span class='ocrx_word' id='word_1_29' title='bbox 1184 826 1274 913; x_wconf 89' lang='lat' dir='ltr'>spiri-</span> 
     </span>
     <span class='ocr_line' id='line_1_5' title="bbox 199 920 1272 1016; baseline 0.008 -29"><span class='ocrx_word' id='word_1_30' title='bbox 199 920 370 1011; x_wconf 71' lang='lat' dir='ltr'>tali‚&#39;quod</span> <span class='ocrx_word' id='word_1_31' title='bbox 396 937 461 988; x_wconf 85' lang='lat' dir='ltr'>erat</span> <span class='ocrx_word' id='word_1_32' title='bbox 484 920 522 988; x_wconf 87' lang='lat' dir='ltr'>ab</span> <span class='ocrx_word' id='word_1_33' title='bbox 545 923 739 991; x_wconf 83' lang='lat' dir='ltr'>Achamoth:</span> <span class='ocrx_word' id='word_1_34' title='bbox 764 940 794 991; x_wconf 91' lang='lat' dir='ltr'>et</span> <span class='ocrx_word' id='word_1_35' title='bbox 816 924 855 992; x_wconf 92' lang='lat' dir='ltr'>de</span> <span class='ocrx_word' id='word_1_36' title='bbox 879 926 1017 1008; x_wconf 85' lang='lat' dir='ltr'>animali,</span> <span class='ocrx_word' id='word_1_37' title='bbox 1041 928 1126 1016; x_wconf 92' lang='lat' dir='ltr'>quod</span> <span class='ocrx_word' id='word_1_38' title='bbox 1150 945 1214 996; x_wconf 90' lang='lat' dir='ltr'>erat</span> <span class='ocrx_word' id='word_1_39' title='bbox 1234 929 1272 996; x_wconf 91' lang='lat' dir='ltr'>de</span> 
     </span>
     <span class='ocr_line' id='line_1_6' title="bbox 200 1027 1273 1120; baseline 0.008 -27"><span class='ocrx_word' id='word_1_40' title='bbox 200 1028 379 1116; x_wconf 89' lang='lat' dir='ltr'>Demiurgo</span> <span class='ocrx_word' id='word_1_41' title='bbox 391 1054 403 1094; x_wconf 88' lang='lat'>:-</span> <span class='ocrx_word' id='word_1_42' title='bbox 417 1045 448 1095; x_wconf 89' lang='lat' dir='ltr'>et</span> <span class='ocrx_word' id='word_1_43' title='bbox 471 1028 510 1096; x_wconf 88' lang='lat' dir='ltr'>de</span> <span class='ocrx_word' id='word_1_44' title='bbox 532 1027 748 1118; x_wconf 86' lang='lat' dir='ltr'>dispositione,</span> <span class='ocrx_word' id='word_1_45' title='bbox 772 1030 856 1120; x_wconf 92' lang='lat' dir='ltr'>quod</span> <span class='ocrx_word' id='word_1_46' title='bbox 880 1048 945 1098; x_wconf 88' lang='lat' dir='ltr'>erat</span> <span class='ocrx_word' id='word_1_47' title='bbox 969 1032 1085 1120; x_wconf 87' lang='lat' dir='ltr'>factum</span> <span class='ocrx_word' id='word_1_48' title='bbox 1113 1036 1273 1102; x_wconf 81' lang='lat' dir='ltr'>inenarra-</span> 
     </span>
     <span class='ocr_line' id='line_1_7' title="bbox 200 1134 1271 1229; baseline 0.007 -28"><span class='ocrx_word' id='word_1_49' title='bbox 200 1135 255 1202; x_wconf 90' lang='lat' dir='ltr'>bili</span> <span class='ocrx_word' id='word_1_50' title='bbox 277 1153 362 1202; x_wconf 82' lang='lat' dir='ltr'>arte:</span> <span class='ocrx_word' id='word_1_51' title='bbox 386 1152 417 1202; x_wconf 87' lang='lat' dir='ltr'>ot</span> <span class='ocrx_word' id='word_1_52' title='bbox 439 1134 478 1202; x_wconf 94' lang='lat' dir='ltr'>de</span> <span class='ocrx_word' id='word_1_53' title='bbox 494 1137 666 1216; x_wconf 86' lang='lat' dir='ltr'>Salvatore‚</span> <span class='ocrx_word' id='word_1_54' title='bbox 689 1137 859 1225; x_wconf 88' lang='lat' dir='ltr'>quoderat</span> <span class='ocrx_word' id='word_1_55' title='bbox 881 1139 943 1219; x_wconf 80' lang='lat' dir='ltr'>illa,</span> <span class='ocrx_word' id='word_1_56' title='bbox 966 1163 1046 1229; x_wconf 85' lang='lat' dir='ltr'>quae</span> <span class='ocrx_word' id='word_1_57' title='bbox 1064 1139 1224 1208; x_wconf 89' lang='lat' dir='ltr'>descendit</span> <span class='ocrx_word' id='word_1_58' title='bbox 1237 1143 1271 1208; x_wconf 92' lang='lat' dir='ltr'>in</span> 
     </span>
     <span class='ocr_line' id='line_1_8' title="bbox 199 1241 1272 1335; baseline 0.006 -27"><span class='ocrx_word' id='word_1_59' title='bbox 199 1265 285 1322; x_wconf 88' lang='lat' dir='ltr'>eum,</span> <span class='ocrx_word' id='word_1_60' title='bbox 306 1241 502 1309; x_wconf 60' lang='lat' dir='ltr'>columbum</span> <span class='ocrx_word' id='word_1_61' title='bbox 554 1244 593 1310; x_wconf 88' lang='lat' dir='ltr'>Et</span> <span class='ocrx_word' id='word_1_62' title='bbox 617 1242 699 1310; x_wconf 86' lang='lat' dir='ltr'>hunc</span> <span class='ocrx_word' id='word_1_63' title='bbox 723 1244 852 1332; x_wconf 89' lang='lat' dir='ltr'>quidem</span> <span class='ocrx_word' id='word_1_64' title='bbox 875 1247 1101 1334; x_wconf 84' lang='lat' dir='ltr'>impassibilem</span> <span class='ocrx_word' id='word_1_65' title='bbox 1127 1271 1272 1335; x_wconf 84' lang='lat' dir='ltr'>perseve-</span> 
     </span>
     <span class='ocr_line' id='line_1_9' title="bbox 199 1349 1272 1441; baseline 0.007 -26"><span class='ocrx_word' id='word_1_66' title='bbox 199 1372 285 1416; x_wconf 83' lang='lat' dir='ltr'>rasse</span> <span class='ocrx_word' id='word_1_67' title='bbox 300 1350 381 1438; x_wconf 85' lang='lat' dir='ltr'>(non</span> <span class='ocrx_word' id='word_1_68' title='bbox 397 1353 483 1416; x_wconf 88' lang='lat' dir='ltr'>enim</span> <span class='ocrx_word' id='word_1_69' title='bbox 500 1349 648 1438; x_wconf 90' lang='lat' dir='ltr'>possibile</span> <span class='ocrx_word' id='word_1_70' title='bbox 663 1368 728 1418; x_wconf 85' lang='lat' dir='ltr'>erat</span> <span class='ocrx_word' id='word_1_71' title='bbox 751 1354 813 1440; x_wconf 87' lang='lat' dir='ltr'>pati</span> <span class='ocrx_word' id='word_1_72' title='bbox 832 1377 916 1436; x_wconf 91' lang='lat' dir='ltr'>eum,</span> <span class='ocrx_word' id='word_1_73' title='bbox 929 1376 1028 1441; x_wconf 88' lang='lat' dir='ltr'>quum</span> <span class='ocrx_word' id='word_1_74' title='bbox 1048 1372 1129 1422; x_wconf 88' lang='lat' dir='ltr'>esset</span> <span class='ocrx_word' id='word_1_75' title='bbox 1147 1357 1272 1423; x_wconf 87' lang='lat' dir='ltr'>incom-</span> 
     </span>
     <span class='ocr_line' id='line_1_10' title="bbox 199 1455 1271 1548; baseline 0.006 -26"><span class='ocrx_word' id='word_1_76' title='bbox 199 1455 418 1544; x_wconf 89' lang='lat' dir='ltr'>prehensibilis</span> <span class='ocrx_word' id='word_1_77' title='bbox 441 1472 472 1522; x_wconf 92' lang='lat' dir='ltr'>et</span> <span class='ocrx_word' id='word_1_78' title='bbox 503 1455 697 1548; x_wconf 84' lang='lat' dir='ltr'>invisibilis):</span> <span class='ocrx_word' id='word_1_79' title='bbox 730 1475 761 1525; x_wconf 90' lang='lat' dir='ltr'>et</span> <span class='ocrx_word' id='word_1_80' title='bbox 783 1477 909 1547; x_wconf 87' lang='lat' dir='ltr'>propter</span> <span class='ocrx_word' id='word_1_81' title='bbox 940 1460 1001 1527; x_wconf 87' lang='lat' dir='ltr'>hoc</span> <span class='ocrx_word' id='word_1_82' title='bbox 1025 1459 1162 1528; x_wconf 87' lang='lat' dir='ltr'>ablatum</span> <span class='ocrx_word' id='word_1_83' title='bbox 1192 1484 1271 1541; x_wconf 85' lang='lat' dir='ltr'>esse,</span> 
     </span>
     <span class='ocr_line' id='line_1_11' title="bbox 198 1563 1271 1655; baseline 0.007 -27"><span class='ocrx_word' id='word_1_84' title='bbox 198 1588 300 1652; x_wconf 91' lang='lat' dir='ltr'>quum</span> <span class='ocrx_word' id='word_1_85' title='bbox 313 1563 486 1631; x_wconf 84' lang='lat' dir='ltr'>traheretur</span> <span class='ocrx_word' id='word_1_86' title='bbox 499 1564 537 1632; x_wconf 83' lang='lat' dir='ltr'>ad</span> <span class='ocrx_word' id='word_1_87' title='bbox 551 1565 699 1646; x_wconf 84' lang='lat' dir='ltr'>Pilatum,</span> <span class='ocrx_word' id='word_1_88' title='bbox 719 1566 810 1633; x_wconf 92' lang='lat' dir='ltr'>illum</span> <span class='ocrx_word' id='word_1_89' title='bbox 824 1567 878 1655; x_wconf 93' lang='lat' dir='ltr'>qui</span> <span class='ocrx_word' id='word_1_90' title='bbox 897 1565 1059 1655; x_wconf 90' lang='lat' dir='ltr'>depositus</span> <span class='ocrx_word' id='word_1_91' title='bbox 1072 1586 1137 1635; x_wconf 85' lang='lat' dir='ltr'>erat</span> <span class='ocrx_word' id='word_1_92' title='bbox 1150 1570 1182 1635; x_wconf 93' lang='lat' dir='ltr'>in</span> <span class='ocrx_word' id='word_1_93' title='bbox 1198 1593 1271 1636; x_wconf 90' lang='lat' dir='ltr'>eum</span> 
     </span>
     <span class='ocr_line' id='line_1_12' title="bbox 198 1670 1272 1762; baseline 0.007 -27"><span class='ocrx_word' id='word_1_94' title='bbox 198 1671 326 1758; x_wconf 87' lang='lat' dir='ltr'>spiritus</span> <span class='ocrx_word' id='word_1_95' title='bbox 346 1670 475 1738; x_wconf 88' lang='lat' dir='ltr'>Christi.</span> <span class='ocrx_word' id='word_1_96' title='bbox 523 1670 583 1738; x_wconf 90' lang='lat' dir='ltr'>Sed</span> <span class='ocrx_word' id='word_1_97' title='bbox 607 1695 646 1738; x_wconf 90' lang='lat' dir='ltr'>ne</span> <span class='ocrx_word' id='word_1_98' title='bbox 670 1671 700 1739; x_wconf 92' lang='lat' dir='ltr'>id</span> <span class='ocrx_word' id='word_1_99' title='bbox 723 1671 851 1760; x_wconf 90' lang='lat' dir='ltr'>quidem</span> <span class='ocrx_word' id='word_1_100' title='bbox 870 1673 954 1762; x_wconf 93' lang='lat' dir='ltr'>quod</span> <span class='ocrx_word' id='word_1_101' title='bbox 975 1698 992 1740; x_wconf 89' lang='lat' dir='ltr'>a</span> <span class='ocrx_word' id='word_1_102' title='bbox 1015 1691 1114 1742; x_wconf 87' lang='lat' dir='ltr'>matre</span> <span class='ocrx_word' id='word_1_103' title='bbox 1138 1691 1203 1742; x_wconf 84' lang='lat' dir='ltr'>erat</span> <span class='ocrx_word' id='word_1_104' title='bbox 1223 1699 1272 1742; x_wconf 90' lang='lat' dir='ltr'>se-</span> 
     </span>
     <span class='ocr_line' id='line_1_13' title="bbox 199 1776 1272 1871; baseline 0.005 -28"><span class='ocrx_word' id='word_1_105' title='bbox 199 1801 285 1858; x_wconf 86' lang='lat' dir='ltr'>men,</span> <span class='ocrx_word' id='word_1_106' title='bbox 301 1801 427 1865; x_wconf 82' lang='lat' dir='ltr'>passum</span> <span class='ocrx_word' id='word_1_107' title='bbox 445 1801 513 1846; x_wconf 91' lang='lat' dir='ltr'>esse</span> <span class='ocrx_word' id='word_1_108' title='bbox 528 1776 646 1845; x_wconf 83' lang='lat' dir='ltr'>dicunt.</span> <span class='ocrx_word' id='word_1_109' title='bbox 692 1780 886 1868; x_wconf 79' lang='lat' dir='ltr'>Impossibile</span> <span class='ocrx_word' id='word_1_110' title='bbox 903 1783 988 1848; x_wconf 92' lang='lat' dir='ltr'>enim</span> <span class='ocrx_word' id='word_1_111' title='bbox 1008 1799 1038 1848; x_wconf 91' lang='lat' dir='ltr'>et</span> <span class='ocrx_word' id='word_1_112' title='bbox 1053 1782 1141 1864; x_wconf 90' lang='lat' dir='ltr'>illud,</span> <span class='ocrx_word' id='word_1_113' title='bbox 1158 1785 1272 1871; x_wconf 90' lang='lat' dir='ltr'>quippe</span> 
     </span>
     <span class='ocr_line' id='line_1_14' title="bbox 198 1884 1271 1976; baseline 0.005 -26"><span class='ocrx_word' id='word_1_114' title='bbox 198 1885 347 1971; x_wconf 82' lang='lat' dir='ltr'>spiritale,</span> <span class='ocrx_word' id='word_1_115' title='bbox 375 1901 406 1951; x_wconf 90' lang='lat' dir='ltr'>et</span> <span class='ocrx_word' id='word_1_116' title='bbox 429 1884 585 1952; x_wconf 88' lang='lat' dir='ltr'>invisibile</span> <span class='ocrx_word' id='word_1_117' title='bbox 608 1887 702 1952; x_wconf 81' lang='lat' dir='ltr'>etiam</span> <span class='ocrx_word' id='word_1_118' title='bbox 727 1889 785 1975; x_wconf 90' lang='lat' dir='ltr'>ipsi</span> <span class='ocrx_word' id='word_1_119' title='bbox 810 1888 1035 1976; x_wconf 80' lang='lat' dir='ltr'>Demiurg0.(²)</span> <span class='ocrx_word' id='word_1_120' title='bbox 1090 1889 1204 1954; x_wconf 83' lang='lat' dir='ltr'>Passus</span> <span class='ocrx_word' id='word_1_121' title='bbox 1224 1907 1271 1956; x_wconf 89' lang='lat' dir='ltr'>est</span> 
     </span>
    </p>
   </div>
   <div class='ocr_carea' id='block_1_3' title="bbox 196 2044 1270 3302">
    <p class='ocr_par' dir='ltr' id='par_1_3' title="bbox 196 2044 1270 3302">
     <span class='ocr_line' id='line_1_15' title="bbox 198 2044 1270 2136; baseline 0.004 -26"><span class='ocrx_word' id='word_1_122' title='bbox 198 2056 252 2130; x_wconf 79' lang='grc' dir='ltr'>τῆς</span> <span class='ocrx_word' id='word_1_123' title='bbox 276 2044 435 2130; x_wconf 57' lang='lat' dir='ltr'>’Agame</span> <span class='ocrx_word' id='word_1_124' title='bbox 452 2045 573 2132; x_wconf 79' lang='grc' dir='ltr'>σπέρμα</span> <span class='ocrx_word' id='word_1_125' title='bbox 591 2046 802 2132; x_wconf 81' lang='grc' dir='ltr'>πνευματικόν.</span> <span class='ocrx_word' id='word_1_126' title='bbox 849 2049 911 2114; x_wconf 85' lang='grc' dir='ltr'>Τὸν</span> <span class='ocrx_word' id='word_1_127' title='bbox 930 2052 982 2113; x_wconf 75' lang='grc' dir='ltr'>οὖν</span> <span class='ocrx_word' id='word_1_128' title='bbox 1002 2051 1114 2135; x_wconf 80' lang='grc' dir='ltr'>Κύριον</span> <span class='ocrx_word' id='word_1_129' title='bbox 1129 2051 1214 2136; x_wconf 73' lang='grc' dir='ltr'>ἡμῶν</span> <span class='ocrx_word' id='word_1_130' title='bbox 1233 2051 1270 2114; x_wconf 79' lang='grc' dir='ltr'>ἐκ</span> 
     </span>
     <span class='ocr_line' id='line_1_16' title="bbox 198 2153 1268 2240; baseline 0.002 -22"><span class='ocrx_word' id='word_1_131' title='bbox 198 2153 352 2236; x_wconf 67' lang='grc' dir='ltr'>τεσσάρων</span> <span class='ocrx_word' id='word_1_132' title='bbox 367 2153 478 2218; x_wconf 75' lang='grc' dir='ltr'>τούτων</span> <span class='ocrx_word' id='word_1_133' title='bbox 493 2154 639 2220; x_wconf 70' lang='grc' dir='ltr'>σύνθετον</span> <span class='ocrx_word' id='word_1_134' title='bbox 649 2154 804 2240; x_wconf 79' lang='grc' dir='ltr'>γεγονέναι</span> <span class='ocrx_word' id='word_1_135' title='bbox 816 2155 992 2240; x_wconf 66' lang='grc' dir='ltr'>φάσκουσιν,</span> <span class='ocrx_word' id='word_1_136' title='bbox 1005 2156 1203 2236; x_wconf 67' lang='grc' dir='ltr'>ἀποσώζονται</span> <span class='ocrx_word' id='word_1_137' title='bbox 1218 2161 1268 2222; x_wconf 71' lang='grc' dir='ltr'>τὸν</span> 
     </span>
     <span class='ocr_line' id='line_1_17' title="bbox 197 2257 1267 2348; baseline 0.004 -23"><span class='ocrx_word' id='word_1_138' title='bbox 197 2262 290 2325; x_wconf 70' lang='grc' dir='ltr'>τ”νπαν</span> <span class='ocrx_word' id='word_1_139' title='bbox 313 2270 366 2346; x_wconf 73' lang='grc' dir='ltr'>τῆς</span> <span class='ocrx_word' id='word_1_140' title='bbox 389 2257 557 2346; x_wconf 75' lang='grc' dir='ltr'>ἀρχεγόνου</span> <span class='ocrx_word' id='word_1_141' title='bbox 575 2263 627 2324; x_wconf 73' lang='grc' dir='ltr'>καὶ</span> <span class='ocrx_word' id='word_1_142' title='bbox 644 2261 763 2347; x_wconf 83' lang='grc' dir='ltr'><strong>πρώτης</strong></span> <span class='ocrx_word' id='word_1_143' title='bbox 781 2263 976 2348; x_wconf 73' lang='grc' dir='ltr'>τετρακτύος·</span> <span class='ocrx_word' id='word_1_144' title='bbox 997 2264 1035 2327; x_wconf 81' lang='grc' dir='ltr'>ἔκ</span> <span class='ocrx_word' id='word_1_145' title='bbox 1053 2285 1086 2327; x_wconf 89' lang='grc' dir='ltr'>τε</span> <span class='ocrx_word' id='word_1_146' title='bbox 1105 2272 1157 2328; x_wconf 81' lang='grc' dir='ltr'>τοῦ</span> <span class='ocrx_word' id='word_1_147' title='bbox 1180 2285 1267 2329; x_wconf 85' lang='grc' dir='ltr'>πνευ·</span> 
     </span>
     <span class='ocr_line' id='line_1_18' title="bbox 198 2359 1268 2456; baseline 0.004 -26"><span class='ocrx_word' id='word_1_148' title='bbox 198 2375 336 2453; x_wconf 85' lang='grc' dir='ltr'>ματικοῦ,</span> <span class='ocrx_word' id='word_1_149' title='bbox 355 2369 372 2430; x_wconf 81' lang='grc' dir='ltr'>ὃ</span> <span class='ocrx_word' id='word_1_150' title='bbox 390 2367 427 2451; x_wconf 77' lang='grc' dir='ltr'>ἠν</span> <span class='ocrx_word' id='word_1_151' title='bbox 446 2369 507 2430; x_wconf 81' lang='grc' dir='ltr'>ἀπὸ</span> <span class='ocrx_word' id='word_1_152' title='bbox 525 2376 577 2452; x_wconf 77' lang='grc' dir='ltr'>τῆς</span> <span class='ocrx_word' id='word_1_153' title='bbox 593 2367 761 2452; x_wconf 75' lang='grc' dir='ltr'>Ἀχαμὼθ,</span> <span class='ocrx_word' id='word_1_154' title='bbox 777 2371 829 2433; x_wconf 79' lang='grc' dir='ltr'>καὶ</span> <span class='ocrx_word' id='word_1_155' title='bbox 843 2368 881 2433; x_wconf 85' lang='grc' dir='ltr'>ἐκ</span> <span class='ocrx_word' id='word_1_156' title='bbox 895 2379 948 2434; x_wconf 86' lang='grc' dir='ltr'>τοῦ</span> <span class='ocrx_word' id='word_1_157' title='bbox 963 2371 1104 2456; x_wconf 79' lang='grc' dir='ltr'>ψυχικοῦ,</span> <span class='ocrx_word' id='word_1_158' title='bbox 1123 2371 1190 2454; x_wconf 71' lang='grc' dir='ltr'>δήν</span> <span class='ocrx_word' id='word_1_159' title='bbox 1206 2359 1268 2434; x_wconf 70' lang='grc' dir='ltr'>ἀπὸ</span> 
     </span>
     <span class='ocr_line' id='line_1_19' title="bbox 197 2472 1268 2559; baseline 0.003 -22"><span class='ocrx_word' id='word_1_160' title='bbox 197 2483 252 2538; x_wconf 84' lang='grc' dir='ltr'>τοῦ</span> <span class='ocrx_word' id='word_1_161' title='bbox 276 2473 476 2558; x_wconf 77' lang='grc' dir='ltr'>Δημιουργοῦ,</span> <span class='ocrx_word' id='word_1_162' title='bbox 498 2475 552 2536; x_wconf 79' lang='grc' dir='ltr'>καὶ</span> <span class='ocrx_word' id='word_1_163' title='bbox 570 2474 607 2537; x_wconf 83' lang='grc' dir='ltr'>ὲκ</span> <span class='ocrx_word' id='word_1_164' title='bbox 624 2483 676 2558; x_wconf 69' lang='grc' dir='ltr'>τῆς</span> <span class='ocrx_word' id='word_1_165' title='bbox 699 2472 878 2559; x_wconf 75' lang='grc' dir='ltr'>οἰκονομίας,</span> <span class='ocrx_word' id='word_1_166' title='bbox 898 2476 914 2538; x_wconf 83' lang='grc' dir='ltr'>ὃ</span> <span class='ocrx_word' id='word_1_167' title='bbox 932 2475 970 2558; x_wconf 76' lang='grc' dir='ltr'>ἠν</span> <span class='ocrx_word' id='word_1_168' title='bbox 987 2475 1268 2557; x_wconf 81' lang='grc' dir='ltr'>κατεσκευασμένον</span> 
     </span>
     <span class='ocr_line' id='line_1_20' title="bbox 197 2578 1269 2665; baseline 0.002 -21"><span class='ocrx_word' id='word_1_169' title='bbox 197 2580 318 2664; x_wconf 71' lang='grc' dir='ltr'>ἀρρήτῳ</span> <span class='ocrx_word' id='word_1_170' title='bbox 337 2578 440 2663; x_wconf 72' lang='grc' dir='ltr'>τέχνῃ,</span> <span class='ocrx_word' id='word_1_171' title='bbox 459 2580 512 2643; x_wconf 80' lang='grc' dir='ltr'>καὶ</span> <span class='ocrx_word' id='word_1_172' title='bbox 530 2579 568 2644; x_wconf 85' lang='grc' dir='ltr'>ἐκ</span> <span class='ocrx_word' id='word_1_173' title='bbox 585 2588 637 2644; x_wconf 79' lang='grc' dir='ltr'>τοῦ</span> <span class='ocrx_word' id='word_1_174' title='bbox 656 2580 806 2665; x_wconf 73' lang='grc' dir='ltr'>Σωτῆρος,</span> <span class='ocrx_word' id='word_1_175' title='bbox 826 2581 895 2664; x_wconf 73' lang='grc' dir='ltr'>δῆν</span> <span class='ocrx_word' id='word_1_176' title='bbox 909 2581 1107 2645; x_wconf 80' lang='grc' dir='ltr'>κατελθοῦσα</span> <span class='ocrx_word' id='word_1_177' title='bbox 1122 2583 1163 2659; x_wconf 84' lang='grc' dir='ltr'>εἰς</span> <span class='ocrx_word' id='word_1_178' title='bbox 1179 2586 1269 2646; x_wconf 74' lang='grc' dir='ltr'>αὐτὸν</span> 
     </span>
     <span class='ocr_line' id='line_1_21' title="bbox 198 2685 1269 2776; baseline 0.002 -26"><span class='ocrx_word' id='word_1_179' title='bbox 198 2686 368 2770; x_wconf 64' lang='grc' dir='ltr'>περιστερά.</span> <span class='ocrx_word' id='word_1_180' title='bbox 421 2685 484 2750; x_wconf 75' lang='grc' dir='ltr'>Καὶ</span> <span class='ocrx_word' id='word_1_181' title='bbox 509 2694 613 2750; x_wconf 80' lang='grc' dir='ltr'>τοῦτον</span> <span class='ocrx_word' id='word_1_182' title='bbox 645 2688 700 2770; x_wconf 84' lang='grc' dir='ltr'>μὲν</span> <span class='ocrx_word' id='word_1_183' title='bbox 722 2687 830 2771; x_wconf 71' lang='grc' dir='ltr'>ἀπαθῆ</span> <span class='ocrx_word' id='word_1_184' title='bbox 860 2687 1111 2774; x_wconf 83' lang='grc' dir='ltr'>διαμεμενηκέναι</span> <span class='ocrx_word' id='word_1_185' title='bbox 1134 2687 1187 2776; x_wconf 85' lang='grc' dir='ltr'>(οὐ</span> <span class='ocrx_word' id='word_1_186' title='bbox 1210 2692 1269 2776; x_wconf 80' lang='grc' dir='ltr'>γὰρ</span> 
     </span>
     <span class='ocr_line' id='line_1_22' title="bbox 197 2790 1269 2882; baseline 0.005 -28"><span class='ocrx_word' id='word_1_187' title='bbox 197 2790 356 2876; x_wconf 80' lang='grc' dir='ltr'>ἐνεδέχετο</span> <span class='ocrx_word' id='word_1_188' title='bbox 369 2792 480 2855; x_wconf 67' lang='grc' dir='ltr'>παθεῖν</span> <span class='ocrx_word' id='word_1_189' title='bbox 496 2793 587 2856; x_wconf 72' lang='grc' dir='ltr'>αὐτὸν</span> <span class='ocrx_word' id='word_1_190' title='bbox 600 2791 768 2877; x_wconf 71' lang='grc' dir='ltr'>ἄκρατητον</span> <span class='ocrx_word' id='word_1_191' title='bbox 783 2795 836 2855; x_wconf 73' lang='grc' dir='ltr'>καὶ</span> <span class='ocrx_word' id='word_1_192' title='bbox 849 2793 977 2876; x_wconf 79' lang='grc' dir='ltr'>ἀόρατον</span> <span class='ocrx_word' id='word_1_193' title='bbox 991 2792 1182 2882; x_wconf 73' lang='grc' dir='ltr'>ὑπάρχοντα)</span> <span class='ocrx_word' id='word_1_194' title='bbox 1194 2817 1201 2830; x_wconf 94' lang='grc'><em>·</em></span> <span class='ocrx_word' id='word_1_195' title='bbox 1217 2798 1269 2859; x_wconf 82' lang='grc' dir='ltr'>καὶ</span> 
     </span>
     <span class='ocr_line' id='line_1_23' title="bbox 196 2898 1268 2984; baseline 0.003 -23"><span class='ocrx_word' id='word_1_196' title='bbox 196 2899 247 2961; x_wconf 76' lang='grc' dir='ltr'>διὰ</span> <span class='ocrx_word' id='word_1_197' title='bbox 269 2907 357 2962; x_wconf 85' lang='grc' dir='ltr'>τοῦτο</span> <span class='ocrx_word' id='word_1_198' title='bbox 374 2899 478 2983; x_wconf 72' lang='grc' dir='ltr'>ᾖρθαι,</span> <span class='ocrx_word' id='word_1_199' title='bbox 498 2898 725 2983; x_wconf 76' lang='grc' dir='ltr'>προσαγομένσυ</span> <span class='ocrx_word' id='word_1_200' title='bbox 744 2901 835 2963; x_wconf 81' lang='grc' dir='ltr'>αὐτοῦ</span> <span class='ocrx_word' id='word_1_201' title='bbox 850 2908 892 2982; x_wconf 84' lang='grc' dir='ltr'>τῷ</span> <span class='ocrx_word' id='word_1_202' title='bbox 913 2898 1046 2984; x_wconf 69' lang='grc' dir='ltr'>Πιλὰτιρ,</span> <span class='ocrx_word' id='word_1_203' title='bbox 1066 2903 1100 2963; x_wconf 81' lang='grc' dir='ltr'>τὸ</span> <span class='ocrx_word' id='word_1_204' title='bbox 1119 2901 1160 2976; x_wconf 85' lang='grc' dir='ltr'>εἰς</span> <span class='ocrx_word' id='word_1_205' title='bbox 1179 2903 1268 2964; x_wconf 70' lang='grc' dir='ltr'>αὐτὸν</span> 
     </span>
     <span class='ocr_line' id='line_1_24' title="bbox 196 3001 1268 3090; baseline 0.004 -24"><span class='ocrx_word' id='word_1_206' title='bbox 196 3003 368 3068; x_wconf 71' lang='grc' dir='ltr'>κατατεθὲν</span> <span class='ocrx_word' id='word_1_207' title='bbox 398 3011 517 3087; x_wconf 78' lang='grc' dir='ltr'>πνεῦμα</span> <span class='ocrx_word' id='word_1_208' title='bbox 543 3003 686 3088; x_wconf 86' lang='grc' dir='ltr'>Χριστοῦ.</span> <span class='ocrx_word' id='word_1_209' title='bbox 740 3001 833 3068; x_wconf 80' lang='grc' dir='ltr'>Ἀλλ’</span> <span class='ocrx_word' id='word_1_210' title='bbox 845 3005 914 3069; x_wconf 83' lang='grc' dir='ltr'>οὐδὲ</span> <span class='ocrx_word' id='word_1_211' title='bbox 937 3007 971 3068; x_wconf 80' lang='grc' dir='ltr'>τὸ</span> <span class='ocrx_word' id='word_1_212' title='bbox 994 3007 1055 3068; x_wconf 80' lang='grc' dir='ltr'>ἀπὸ</span> <span class='ocrx_word' id='word_1_213' title='bbox 1078 3015 1131 3090; x_wconf 80' lang='grc' dir='ltr'>τῆς</span> <span class='ocrx_word' id='word_1_214' title='bbox 1158 3009 1268 3090; x_wconf 73' lang='grc' dir='ltr'>μητρὸς</span> 
     </span>
     <span class='ocr_line' id='line_1_25' title="bbox 196 3108 1266 3196; baseline 0.001 -21"><span class='ocrx_word' id='word_1_215' title='bbox 196 3109 320 3195; x_wconf 78' lang='grc' dir='ltr'>σπέρμα</span> <span class='ocrx_word' id='word_1_216' title='bbox 332 3109 515 3174; x_wconf 72' lang='grc' dir='ltr'>πεπονθέναι</span> <span class='ocrx_word' id='word_1_217' title='bbox 532 3110 682 3194; x_wconf 75' lang='grc' dir='ltr'>λέγουσιν.</span> <span class='ocrx_word' id='word_1_218' title='bbox 729 3108 872 3188; x_wconf 65' lang='lat' dir='ltr'>’Amabit</span> <span class='ocrx_word' id='word_1_219' title='bbox 888 3113 948 3196; x_wconf 85' lang='grc' dir='ltr'>γὰρ</span> <span class='ocrx_word' id='word_1_220' title='bbox 966 3112 1019 3174; x_wconf 84' lang='grc' dir='ltr'>καὶ</span> <span class='ocrx_word' id='word_1_221' title='bbox 1036 3113 1109 3175; x_wconf 78' lang='grc' dir='ltr'>αὐτὸ</span> <span class='ocrx_word' id='word_1_222' title='bbox 1129 3115 1163 3175; x_wconf 81' lang='grc' dir='ltr'>τὸ</span> <span class='ocrx_word' id='word_1_223' title='bbox 1181 3133 1266 3176; x_wconf 87' lang='grc' dir='ltr'>πνευ·</span> 
     </span>
     <span class='ocr_line' id='line_1_26' title="bbox 196 3217 1265 3302; baseline 0.004 -22"><span class='ocrx_word' id='word_1_224' title='bbox 196 3221 333 3302; x_wconf 76' lang='grc' dir='ltr'>ματικον,</span> <span class='ocrx_word' id='word_1_225' title='bbox 344 3221 397 3282; x_wconf 74' lang='grc' dir='ltr'>καὶ</span> <span class='ocrx_word' id='word_1_226' title='bbox 407 3217 535 3301; x_wconf 77' lang='grc' dir='ltr'>ἀόρατον</span> <span class='ocrx_word' id='word_1_227' title='bbox 545 3220 598 3282; x_wconf 78' lang='grc' dir='ltr'>καὶ</span> <span class='ocrx_word' id='word_1_228' title='bbox 609 3220 689 3302; x_wconf 64' lang='grc' dir='ltr'>αὐτῇ</span> <span class='ocrx_word' id='word_1_229' title='bbox 701 3227 742 3301; x_wconf 70' lang='grc' dir='ltr'>τῷ</span> <span class='ocrx_word' id='word_1_230' title='bbox 755 3217 943 3302; x_wconf 75' lang='grc' dir='ltr'>Δημιουργῷ,</span> <span class='ocrx_word' id='word_1_231' title='bbox 978 3217 1104 3283; x_wconf 68' lang='lat' dir='ltr'>’Erebe</span> <span class='ocrx_word' id='word_1_232' title='bbox 1115 3220 1149 3282; x_wconf 84' lang='grc' dir='ltr'>δὲ</span> <span class='ocrx_word' id='word_1_233' title='bbox 1160 3219 1265 3284; x_wconf 73' lang='grc' dir='ltr'>λοιπὸν</span> 
     </span>
    </p>
   </div>
   <div class='ocr_carea' id='block_1_4' title="bbox 195 3380 1267 4214">
    <p class='ocr_par' dir='ltr' id='par_1_4' title="bbox 195 3380 1267 4214">
     <span class='ocr_line' id='line_1_27' title="bbox 233 3380 1266 3451; baseline 0.003 -18"><span class='ocrx_word' id='word_1_234' title='bbox 233 3383 275 3450; x_wconf 90' lang='grc' dir='ltr'>(ι)</span> <span class='ocrx_word' id='word_1_235' title='bbox 294 3381 366 3434; x_wconf 80' lang='lat' dir='ltr'>Haec</span> <span class='ocrx_word' id='word_1_236' title='bbox 384 3397 455 3433; x_wconf 82' lang='lat' dir='ltr'>nova</span> <span class='ocrx_word' id='word_1_237' title='bbox 470 3393 538 3434; x_wconf 87' lang='lat' dir='ltr'>sent.</span> <span class='ocrx_word' id='word_1_238' title='bbox 551 3380 609 3449; x_wconf 86' lang='lat' dir='ltr'>(clr.</span> <span class='ocrx_word' id='word_1_239' title='bbox 622 3381 703 3435; x_wconf 86' lang='lat' dir='ltr'>etiam</span> <span class='ocrx_word' id='word_1_240' title='bbox 758 3399 780 3435; x_wconf 88' lang='lat' dir='ltr'>c.</span> <span class='ocrx_word' id='word_1_241' title='bbox 802 3397 848 3451; x_wconf 84' lang='lat'>27:</span> <span class='ocrx_word' id='word_1_242' title='bbox 868 3381 929 3434; x_wconf 80' lang='lat' dir='ltr'><em>Exc.</em></span> <span class='ocrx_word' id='word_1_243' title='bbox 952 3381 1040 3435; x_wconf 77' lang='lat' dir='ltr'>llieod.</span> <span class='ocrx_word' id='word_1_244' title='bbox 1060 3381 1116 3450; x_wconf 73' lang='lat'>61).</span> <span class='ocrx_word' id='word_1_245' title='bbox 1153 3384 1184 3436; x_wconf 93' lang='lat' dir='ltr'>ln</span> <span class='ocrx_word' id='word_1_246' title='bbox 1203 3384 1266 3438; x_wconf 79' lang='lat' dir='ltr'><strong><em>Exc.</em></strong></span> 
     </span>
     <span class='ocr_line' id='line_1_28' title="bbox 197 3464 1266 3538; baseline 0.003 -19"><span class='ocrx_word' id='word_1_247' title='bbox 197 3464 312 3530; x_wconf 80' lang='lat' dir='ltr'>c.XV‚2</span> <span class='ocrx_word' id='word_1_248' title='bbox 323 3465 499 3536; x_wconf 82' lang='lat' dir='ltr'>quaeMarcus</span> <span class='ocrx_word' id='word_1_249' title='bbox 508 3465 614 3534; x_wconf 83' lang='lat' dir='ltr'>doceat)</span> <span class='ocrx_word' id='word_1_250' title='bbox 625 3467 704 3536; x_wconf 87' lang='lat' dir='ltr'>igitur</span> <span class='ocrx_word' id='word_1_251' title='bbox 762 3465 851 3520; x_wconf 78' lang='lat' dir='ltr'>Theocl.</span> <span class='ocrx_word' id='word_1_252' title='bbox 865 3478 1005 3538; x_wconf 90' lang='lat' dir='ltr'>utrumque</span> <span class='ocrx_word' id='word_1_253' title='bbox 1018 3469 1160 3537; x_wconf 80' lang='lat' dir='ltr'>separatim</span> <span class='ocrx_word' id='word_1_254' title='bbox 1174 3469 1266 3522; x_wconf 84' lang='lat' dir='ltr'>habes:</span> 
     </span>
     <span class='ocr_line' id='line_1_29' title="bbox 197 3549 1266 3624; baseline 0.003 -21"><span class='ocrx_word' id='word_1_255' title='bbox 197 3551 335 3620; x_wconf 84' lang='lat' dir='ltr'>distinguit</span> <span class='ocrx_word' id='word_1_256' title='bbox 353 3550 489 3604; x_wconf 89' lang='lat' dir='ltr'>Christum</span> <span class='ocrx_word' id='word_1_257' title='bbox 504 3551 659 3622; x_wconf 86' lang='lat' dir='ltr'>psychicum</span> <span class='ocrx_word' id='word_1_258' title='bbox 675 3549 704 3603; x_wconf 86' lang='lat' dir='ltr'>li-</span> <span class='ocrx_word' id='word_1_259' title='bbox 758 3562 811 3604; x_wconf 87' lang='lat' dir='ltr'>rres</span> <span class='ocrx_word' id='word_1_260' title='bbox 830 3551 991 3606; x_wconf 86' lang='lat' dir='ltr'>substantiae</span> <span class='ocrx_word' id='word_1_261' title='bbox 1012 3552 1078 3623; x_wconf 80' lang='lat' dir='ltr'>frag.</span> <span class='ocrx_word' id='word_1_262' title='bbox 1101 3567 1147 3624; x_wconf 77' lang='lat'>593</span> <span class='ocrx_word' id='word_1_263' title='bbox 1173 3567 1266 3623; x_wconf 83' lang='lat' dir='ltr'>quarta</span> 
     </span>
     <span class='ocr_line' id='line_1_30' title="bbox 197 3634 1265 3708; baseline 0.005 -22"><span class='ocrx_word' id='word_1_264' title='bbox 197 3635 262 3688; x_wconf 92' lang='lat' dir='ltr'>lium</span> <span class='ocrx_word' id='word_1_265' title='bbox 276 3635 423 3705; x_wconf 87' lang='lat' dir='ltr'>Demiurgi,</span> <span class='ocrx_word' id='word_1_266' title='bbox 433 3647 459 3688; x_wconf 88' lang='lat' dir='ltr'>et</span> <span class='ocrx_word' id='word_1_267' title='bbox 472 3634 559 3688; x_wconf 89' lang='lat' dir='ltr'>lesum</span> <span class='ocrx_word' id='word_1_268' title='bbox 569 3636 602 3689; x_wconf 86' lang='lat' dir='ltr'>de</span> <span class='ocrx_word' id='word_1_269' title='bbox 614 3635 703 3689; x_wconf 87' lang='lat' dir='ltr'>Plero-</span> <span class='ocrx_word' id='word_1_270' title='bbox 758 3637 1120 3708; x_wconf 74' lang='lat' dir='ltr'>vero,seurreprortpol,frag.</span> <span class='ocrx_word' id='word_1_271' title='bbox 1136 3637 1174 3691; x_wconf 85' lang='lat'>16.</span> <span class='ocrx_word' id='word_1_272' title='bbox 1212 3638 1265 3691; x_wconf 85' lang='lat' dir='ltr'>Cf.</span> 
     </span>
     <span class='ocr_line' id='line_1_31' title="bbox 196 3719 1267 3791; baseline 0.004 -20"><span class='ocrx_word' id='word_1_273' title='bbox 196 3731 269 3772; x_wconf 83' lang='lat' dir='ltr'>mate</span> <span class='ocrx_word' id='word_1_274' title='bbox 288 3721 323 3786; x_wconf 85' lang='lat' dir='ltr'>(c.</span> <span class='ocrx_word' id='word_1_275' title='bbox 342 3720 353 3772; x_wconf 93' lang='lat' dir='ltr'>l</span> <span class='ocrx_word' id='word_1_276' title='bbox 372 3719 431 3789; x_wconf 86' lang='lat' dir='ltr'>fin.)</span> <span class='ocrx_word' id='word_1_277' title='bbox 450 3731 633 3790; x_wconf 66' lang='lat' dir='ltr'>compactum</span> <span class='ocrx_word' id='word_1_278' title='bbox 663 3719 704 3774; x_wconf 85' lang='lat' dir='ltr'>his</span> <span class='ocrx_word' id='word_1_279' title='bbox 758 3719 879 3773; x_wconf 70' lang='lat' dir='ltr'>Hermen.</span> <span class='ocrx_word' id='word_1_280' title='bbox 894 3721 994 3791; x_wconf 76' lang='lat' dir='ltr'>fragm.</span> <span class='ocrx_word' id='word_1_281' title='bbox 1010 3722 1025 3774; x_wconf 93' lang='lat'>8</span> <span class='ocrx_word' id='word_1_282' title='bbox 1045 3734 1071 3775; x_wconf 83' lang='lat' dir='ltr'>et</span> <span class='ocrx_word' id='word_1_283' title='bbox 1094 3737 1125 3776; x_wconf 89' lang='grc' dir='ltr'>ιο</span> <span class='ocrx_word' id='word_1_284' title='bbox 1139 3723 1267 3790; x_wconf 79' lang='lat' dir='ltr'>[Bnoorrn</span> 
     </span>
     <span class='ocr_line' id='line_1_32' title="bbox 196 3803 1266 3875; baseline 0.004 -19"><span class='ocrx_word' id='word_1_285' title='bbox 196 3804 704 3875; x_wconf 81' lang='lat' dir='ltr'>additurutinteteriselectispneuma.</span> <span class='ocrx_word' id='word_1_286' title='bbox 758 3821 782 3874; x_wconf 90' lang='lat' dir='ltr'>p.</span> <span class='ocrx_word' id='word_1_287' title='bbox 799 3803 834 3869; x_wconf 81' lang='grc'>64</span> <span class='ocrx_word' id='word_1_288' title='bbox 847 3805 906 3875; x_wconf 85' lang='lat' dir='ltr'>sq.].</span> <span class='ocrx_word' id='word_1_289' title='bbox 945 3805 1019 3858; x_wconf 86' lang='lat' dir='ltr'>Hanc</span> <span class='ocrx_word' id='word_1_290' title='bbox 1039 3824 1094 3859; x_wconf 88' lang='lat' dir='ltr'>non</span> <span class='ocrx_word' id='word_1_291' title='bbox 1111 3805 1191 3860; x_wconf 83' lang='lat' dir='ltr'>fuisse·</span> <span class='ocrx_word' id='word_1_292' title='bbox 1215 3806 1266 3860; x_wconf 88' lang='lat' dir='ltr'>Va-</span> 
     </span>
     <span class='ocr_line' id='line_1_33' title="bbox 195 3887 1265 3960; baseline 0.003 -19"><span class='ocrx_word' id='word_1_293' title='bbox 195 3887 237 3941; x_wconf 85' lang='lat' dir='ltr'>De</span> <span class='ocrx_word' id='word_1_294' title='bbox 250 3887 358 3941; x_wconf 87' lang='lat' dir='ltr'>Christo</span> <span class='ocrx_word' id='word_1_295' title='bbox 372 3889 498 3960; x_wconf 87' lang='lat' dir='ltr'>psychico</span> <span class='ocrx_word' id='word_1_296' title='bbox 511 3901 705 3960; x_wconf 76' lang='lat' dir='ltr'>exaggerantur</span> <span class='ocrx_word' id='word_1_297' title='bbox 757 3889 852 3941; x_wconf 85' lang='lat' dir='ltr'>lentini</span> <span class='ocrx_word' id='word_1_298' title='bbox 871 3890 1001 3943; x_wconf 85' lang='lat' dir='ltr'>sententia</span> <span class='ocrx_word' id='word_1_299' title='bbox 1024 3902 1095 3960; x_wconf 86' lang='lat' dir='ltr'>patet</span> <span class='ocrx_word' id='word_1_300' title='bbox 1114 3893 1155 3944; x_wconf 87' lang='lat' dir='ltr'>vel</span> <span class='ocrx_word' id='word_1_301' title='bbox 1177 3908 1210 3944; x_wconf 81' lang='lat' dir='ltr'>ex</span> <span class='ocrx_word' id='word_1_302' title='bbox 1229 3907 1265 3944; x_wconf 77' lang='lat' dir='ltr'>ns</span> 
     </span>
     <span class='ocr_line' id='line_1_34' title="bbox 195 3969 1181 4028; baseline 0.005 -6"><span class='ocrx_word' id='word_1_303' title='bbox 195 3971 327 4024; x_wconf 79' lang='lat' dir='ltr'>docetica:</span> <span class='ocrx_word' id='word_1_304' title='bbox 344 3972 420 4024; x_wconf 83' lang='lat' dir='ltr'>Aeon</span> <span class='ocrx_word' id='word_1_305' title='bbox 436 3972 543 4026; x_wconf 85' lang='lat' dir='ltr'>veroin</span> <span class='ocrx_word' id='word_1_306' title='bbox 559 3972 644 4026; x_wconf 83' lang='lat' dir='ltr'>forma</span> <span class='ocrx_word' id='word_1_307' title='bbox 660 3991 703 4026; x_wconf 88' lang='lat' dir='ltr'>co·</span> <span class='ocrx_word' id='word_1_308' title='bbox 758 3969 898 4026; x_wconf 80' lang='grc' dir='ltr'>Τεκτυιτ.</span> <span class='ocrx_word' id='word_1_309' title='bbox 918 3973 986 4025; x_wconf 80' lang='lat' dir='ltr'>Ado.</span> <span class='ocrx_word' id='word_1_310' title='bbox 1005 3973 1074 4027; x_wconf 79' lang='lat' dir='ltr'>liner.</span> <span class='ocrx_word' id='word_1_311' title='bbox 1096 3992 1117 4027; x_wconf 84' lang='lat' dir='ltr'>c.</span> <span class='ocrx_word' id='word_1_312' title='bbox 1141 3975 1181 4028; x_wconf 86' lang='lat'>18.</span> 
     </span>
     <span class='ocr_line' id='line_1_35' title="bbox 196 4053 1266 4129; baseline 0.005 -24"><span class='ocrx_word' id='word_1_313' title='bbox 196 4054 302 4106; x_wconf 85' lang='lat' dir='ltr'>lumbae</span> <span class='ocrx_word' id='word_1_314' title='bbox 312 4069 344 4106; x_wconf 83' lang='lat' dir='ltr'>ex</span> <span class='ocrx_word' id='word_1_315' title='bbox 355 4071 427 4106; x_wconf 87' lang='lat' dir='ltr'>novo</span> <span class='ocrx_word' id='word_1_316' title='bbox 436 4053 607 4123; x_wconf 79' lang='lat' dir='ltr'>additur(csr.</span> <span class='ocrx_word' id='word_1_317' title='bbox 618 4055 703 4108; x_wconf 79' lang='grc' dir='ltr'>ΤΕκτ.</span> <span class='ocrx_word' id='word_1_318' title='bbox 794 4059 836 4124; x_wconf 90' lang='lat'>(2)</span> <span class='ocrx_word' id='word_1_319' title='bbox 856 4057 972 4110; x_wconf 85' lang='lat' dir='ltr'>Attende</span> <span class='ocrx_word' id='word_1_320' title='bbox 988 4059 1139 4129; x_wconf 84' lang='lat' dir='ltr'>analogiam</span> <span class='ocrx_word' id='word_1_321' title='bbox 1152 4059 1229 4112; x_wconf 90' lang='lat' dir='ltr'>huius</span> <span class='ocrx_word' id='word_1_322' title='bbox 1246 4059 1266 4110; x_wconf 94' lang='lat' dir='ltr'>i-</span> 
     </span>
     <span class='ocr_line' id='line_1_36' title="bbox 195 4135 1265 4214; baseline 0.007 -26"><span class='ocrx_word' id='word_1_323' title='bbox 195 4137 241 4206; x_wconf 90' lang='lat' dir='ltr'>qui</span> <span class='ocrx_word' id='word_1_324' title='bbox 256 4153 279 4189; x_wconf 91' lang='lat' dir='ltr'>c.</span> <span class='ocrx_word' id='word_1_325' title='bbox 296 4135 329 4190; x_wconf 78' lang='lat'>26</span> <span class='ocrx_word' id='word_1_326' title='bbox 344 4137 395 4190; x_wconf 86' lang='lat' dir='ltr'>hoc</span> <span class='ocrx_word' id='word_1_327' title='bbox 408 4149 486 4202; x_wconf 85' lang='lat' dir='ltr'>tacet,</span> <span class='ocrx_word' id='word_1_328' title='bbox 499 4139 621 4192; x_wconf 87' lang='lat' dir='ltr'>meminit</span> <span class='ocrx_word' id='word_1_329' title='bbox 641 4157 705 4194; x_wconf 87' lang='lat' dir='ltr'>vero</span> <span class='ocrx_word' id='word_1_330' title='bbox 757 4141 915 4211; x_wconf 80' lang='lat' dir='ltr'>gnorantine</span> <span class='ocrx_word' id='word_1_331' title='bbox 933 4158 994 4195; x_wconf 86' lang='lat' dir='ltr'>cum</span> <span class='ocrx_word' id='word_1_332' title='bbox 1018 4144 1149 4197; x_wconf 83' lang='lat' dir='ltr'>sententia</span> <span class='ocrx_word' id='word_1_333' title='bbox 1168 4143 1265 4214; x_wconf 83' lang='lat' dir='ltr'>Ignatii</span> 
     </span>
    </p>
   </div>
   <div class='ocr_carea' id='block_1_5' title="bbox 0 0 1620 5062">
    <p class='ocr_par' dir='ltr' id='par_1_5' title="bbox 0 0 1620 5062">
     <span class='ocr_line' id='line_1_37' title="bbox 0 0 1620 5062; baseline 0 2"><span class='ocrx_word' id='word_1_334' title='bbox 0 0 1620 5062; x_wconf 95' lang='lat' dir='ltr'> </span> 
     </span>
    </p>
   </div>
  </div>
 </body>
</html>
