3288 5060
317 400 380 447 220
604 403 744 450 IRENAEI-
756 403 916 450 ADVERSUS
939 403 1094 451 IIAERESES
1247 400 1357 470 [XVIIL
1371 417 1380 454 1

958 505 1020 512 -ο-

385 597 463 664 Cau.
484 596 603 678 XVIII,
620 618 646 664 1.
693 597 796 687 [WH.
811 597 886 688 XI].
941 599 1214 680 Qunuannoouu
1233 619 1275 663 m
1294 618 1385 671 Quae

316 723 399 770 suun
429 723 461 770 tu
492 703 583 770 Leon
618 725 649 771 ιν
684 725 770 770 suun
800 725 1030 772 antummum
1063 703 1300 771 mouentum&
1345 705 1384 770 Et

317 810 356 877 de
371 810 551 878 conditione
565 809 693 899 quidem
708 811 780 877 talia
793 808 942 892 dicentes,
958 809 1097 900 quotidie
1113 809 1273 878 adinvenit
1288 833 1387 876 unus-

317 917 448 1006 quisque
467 939 590 998 eorum,
614 914 882 1005 quemadmodum
907 933 1018 1006 potest,
1044 917 1158 1007 aliquid
1178 918 1263 984 novi.
1310 917 1386 983 Per-

318 1022 417 1090 fectus
440 1024 525 1090 enim
549 1045 656 1106 nemo,
680 1025 741 1092 nisi
770 1025 824 1112 qui
860 1025 997 1090 maxima
1032 1022 1193 1090 mendacia
1224 1022 1305 1110 apud
1328 1046 1385 1089 eos

318 1127 559 1196 fructificaverit.
606 1129 655 1195 De
674 1128 863 1216 propheticis
875 1146 980 1195 autem
998 1151 1215 1217 quaecumque
1234 1126 1386 1196 transfor-

318 1251 440 1301 mantes
449 1251 604 1324 coaptant,
614 1237 825 1302 necessarium
842 1253 900 1316 est,
916 1234 1151 1302 manifestantes
1164 1234 1386 1322 arguitionem,

320 1339 367 1406 his
390 1337 514 1407 inferre.
562 1339 692 1427 Moyses
716 1342 813 1421 enim,
837 1341 992 1430 inquiunt,
1017 1341 1168 1428 incipiens
1188 1337 1219 1407 id
1237 1340 1321 1428 quod
1338 1356 1387 1406 est

318 1445 490 1514 secundum
515 1445 729 1514 conditionem
754 1469 843 1534 opuS,
860 1447 966 1513 statim
984 1448 1018 1512 in
1042 1446 1194 1534 principio
1212 1461 1346 1512 matrem
1354 1446 1388 1499 (²)

317 1553 464 1618 omnium
487 1551 634 1634 ostendit,
653 1550 774 1619 dicens:
801 1579 817 1616 α
835 1552 871 1618 In
894 1554 1047 1642 principio
1072 1551 1145 1619 fecit
1160 1553 1247 1619 Deus
1263 1553 1385 1620 caelum

324 1673 385 1724 «et
408 1673 566 1724 terram».
614 1657 762 1740 Quatuor
785 1657 860 1724 haec
884 1659 1063 1739 nominans,
1089 1659 1193 1724 Deum
1219 1675 1248 1724 et
1271 1660 1388 1746 princi-

318 1765 417 1852 pium,
434 1763 554 1830 caelum
579 1780 610 1831 et
626 1763 752 1846 te'rram,
772 1765 1041 1853 quaternationem
1058 1766 1211 1853 ipsorum,
1234 1765 1389 1854 quemad-

319 1869 451 1938 modum
470 1870 530 1959 ipsi
542 1869 660 1952 dicunt,
672 1870 826 1960 figuravit.
873 1871 911 1937 Et
921 1871 1077 1938 invisibile
1090 1888 1195 1938 autem
1208 1888 1238 1938 et
1255 1871 1388 1939 abscon-

318 1975 418 2042 ditum
442 1976 509 2042 eius
532 1974 784 2043 manifestantem
807 1975 923 2044 dicere:
951 2003 966 2040 υ
980 1977 1080 2043 Terra
1100 1993 1205 2043 autem
1221 1995 1286 2044 erat
1306 1979 1395 2044 invi--

321 2111 337 2146 υ
356 2082 453 2150 sibilis
465 2099 495 2149 et
508 2085 716 2172 incomposita
731 2084 804 2150 ».(³)
849 2082 1023 2151 Secundam
1049 2101 1153 2151 autem
1177 2086 1388 2172 quaternatio·

386 2297 505 2380 XVIII,
533 2318 560 2363 1.
607 2298 669 2364 Καὶ
691 2301 758 2384 περὶ
780 2300 836 2383 μὲν
857 2309 910 2384 τῆς
933 2299 1058 2375 κτίσεως
1085 2309 1206 2363 τοιαῦτα
1236 2299 1386 2383 λέγοντες,

318 2404 395 2470 καθ’
411 2405 543 2488 ἑκαστην
564 2403 678 2490 ἡμέραν
701 2405 842 2489 ἑπιγεννᾷ
864 2407 992 2481 ἕκαστος
1010 2408 1119 2488 αὐτῶν,
1134 2407 1241 2482 καθὼς
1255 2405 1386 2488 δυναται,

318 2507 490 2596 καινότερὸν
519 2533 557 2576 τι.
604 2510 729 2586 Τέλειος
758 2513 816 2596 γὰρ
848 2511 942 2587 οὐδεὶς
965 2513 982 2576 δ
1004 2515 1046 2597 μὴ
1077 2511 1198 2597 μεγάλα
1227 2514 1389 2597 ψεύσματα

320 2616 391 2702 παρ’
407 2619 506 2695 αὐτοῖς
520 2617 764 2702 καρποφορήσας.
811 2615 871 2681 Ἐκ
889 2617 923 2681 δὲ
942 2627 1000 2681 τῶν
1018 2626 1208 2703 προφητικῶν
1227 2621 1286 2682 ὅσα
1300 2641 1388 2704 μετα·

320 2725 529 2812 μορράζουσιν,
548 2727 711 2810 ἀναγκαῖον
726 2722 915 2808 μηνύσαντας
930 2727 980 2789 τδν
995 2724 1126 2810 ἔλεγχον
1141 2726 1239 2801 αὐτοῖς
1254 2724 1387 2809 ἐπάγειν.

321 2830 359 2895 Ὁ
381 2834 440 2916 γὰρ
456 2829 597 2915 Μωυσῆς,
613 2832 712 2914 φασὶν,
728 2825 896 2915 ἀρχόμενος
910 2840 962 2914 τῆς
976 2833 1057 2894 κατὰ
1072 2833 1125 2914 τὴν
1140 2829 1236 2894 κτίσιν
1251 2852 1387 2916 πραγμα-

321 2937 410 3020 τείας,
426 2937 519 3013 eddim
542 2937 574 3000 ἐν
597 2937 677 3022 ἀρχῇ
701 2939 754 3020 τὴν
777 2936 891 3021 μητέρα
913 2947 972 3001 τῶν
995 2939 1072 3002 δλων
1095 2936 1254 3022 ἐπέδειξεν,
1279 2935 1386 3001 εἰπών·

327 3070 342 3106 «
355 3045 387 3108 ἐν
408 3046 490 3130 ἀρχῇ
513 3044 654 3128 ἐποίησεν
672 3043 689 3108 ὁ
707 3042 784 3120 Θεδς
802 3047 852 3108 τὸν
868 3046 992 3128 οὐρανὸν
1013 3047 1066 3109 καὶ
1088 3048 1142 3128 τὴν
1164 3054 1221 3131 γῆν
1236 3069 1263 3109 ν.
1312 3044 1388 3109 Τὲσ·

320 3173 400 3238 σαρα
421 3154 473 3216 οὖν
494 3161 588 3216 ταῦτα
610 3149 770 3234 ὀνομάσας,
791 3147 869 3214 Θεὸν
891 3152 943 3213 καὶ
966 3153 1073 3235 ἀρχὴν,
1098 3153 1223 3234 οὐρανὸν
1244 3153 1297 3214 καὶ
1318 3161 1387 3235 γῆν,

321 3260 374 3342 τὴν
396 3260 556 3343 τετρακτὺν
580 3259 686 3338 αὐτῶν,
711 3256 751 3332 ὡς
772 3258 857 3320 αὐτοὶ
879 3256 1012 3343 λέγουσι,
1036 3257 1225 3323 nemmem
1274 3256 1337 3324 Καὶ
1354 3261 1389 3321 τδ

321 3363 448 3448 ἀόρατον
470 3363 503 3426 δὲ
526 3364 578 3426 καὶ
600 3359 773 3446 ἀπόκρυφον
791 3364 883 3447 αὐτῆς
902 3363 1050 3448 μηνύοντα
1073 3363 1182 3428 εἰπεῖν·
1205 3389 1221 3425 υ
1238 3362 1278 3427 ‘II
1296 3363 1331 3427 δὲ
1348 3373 1388 3448 γῆ

324 3496 339 3532 <‹
354 3473 390 3554 ἠν
405 3469 532 3554 ἀόρατος
544 3471 596 3532 καὶ
611 3467 877 3544 ἀκατασκεὺαστος
888 3494 919 3534 ν.
968 3469 1033 3553 Τὴν
1048 3470 1080 3534 δὲ
1096 3469 1236 3554 δευτέραν
1250 3470 1387 3555 τετράδα,

358 3705 400 3774 (1)
416 3704 447 3756 In
460 3720 522 3756 mss.
536 3702 643 3766 Qumus
653 3717 687 3754 ux
698 3701 828 3754 Scmmu·
884 3705 1005 3758 hebraice
1019 3705 1090 3774 legat
1103 3703 1158 3774 ipse
1169 3703 1206 3755 Iu.
1220 3704 1247 3755 in
1259 3705 1307 3766 Εἰς
1320 3701 1390 3756 satio.

321 3800 699 3842 msmstmou11suauuruu.
734 3785 828 3837 ldme·
884 3804 928 3856 43.
967 3787 1036 3841 Cum
1047 3788 1096 3841 hac
1106 3787 1217 3841 Genesis
1226 3785 1391 3856 expositione

324 3875 373 3927 lius
389 3873 513 3944 congruit
526 3890 548 3926 c.
561 3871 623 3936 XX,
637 3887 658 3936 1,
670 3882 746 3941 prout
756 3869 832 3924 resti·
885 3875 929 3928 cfr.
944 3876 1016 3928 illam
1036 3890 1103 3945 quae
1118 3890 1150 3926 ex
1167 3872 1296 3944 Apopbasi
1307 3871 1390 3925 Simo·

324 3970 410 4012 tutum
431 3969 478 4010 est.
884 3961 925 4012 nis
938 3959 1052 4030 (spuria)
1065 3957 1140 4012 effert
1153 3955 1330 4010 HIPP.PhiIos.
1344 3954 1391 4020 VI,

360 4041 401 4111 (2)
422 4041 440 4093 I.
460 4057 483 4093 e.
502 4040 643 4093 tetradem.
683 4037 746 4090 Gen.
761 4036 782 4102 1,
805 4053 827 4101 ις
890 4061 929 4110 14,
950 4063 1005 4116 sqq,

324 4125 370 4179 cfr.
395 4137 484 4178 autem
507 4124 642 4195 quomodo
667 4123 736 4175 hunc
761 4137 829 4175 vers.
921 4133 963 4199 (ρ)
983 4128 1044 4182 Gen,
1065 4127 1085 4190 Ι,
1106 4143 1128 4181 2,
