3230 5062
191 412 329 484 (1‚6-7).]
615 415 706 464 unta
729 417 843 464 naritus
1218 415 1257 482 97

188 634 277 678 marn
285 609 384 678 fidem
392 612 425 678 in
434 633 535 678 unum
548 611 654 678 Deum
667 611 793 678 Patrem
802 612 1064 700 omnipotentem,
1073 627 1103 678 et
1114 612 1148 678 in
1159 634 1258 677 unum

187 717 295 784 lesum
316 716 488 786 Christum
500 715 607 789 filium
619 717 681 787 Dei
704 735 901 788 conservant.
912 717 946 772 (¹)

256 912 337 980 Can.
360 911 418 992 Ν,
445 933 472 977 1.
497 911 605 1002 [WH.
628 912 657 994 I,
685 911 731 1002 7].
800 913 844 979 Ea
875 936 951 981 vero
973 937 1053 1002 quae
1077 929 1162 980 extra
1189 914 1260 979 Ple-

185 1020 320 1086 τοῦτοῦ)
342 1019 489 1088 dicuntur
512 1018 550 1086 ab
569 1019 618 1100 iis,
634 1036 706 1086 sunt
728 1021 815 1087 talia:
839 1021 1047 1109 Enthymesin
1070 1021 1152 1088 illius
1168 1044 1260 1110 supe-

186 1127 281 1192 rioris
304 1124 452 1213 Sophiae,
476 1147 572 1214 quam
595 1141 625 1192 et
648 1124 828 1194 Achamoth
839 1126 873 1180 (ἲ)
896 1144 1020 1208 vocant,
1044 1144 1217 1215 separatam
1242 1149 1259 1194 a

184 1233 349 1320 superiore
373 1233 551 1300 Pleromate
565 1255 638 1300 cum
662 1234 817 1321 passione,
833 1233 940 1301 dicunt
958 1235 991 1300 in
1010 1232 1140 1302 umbrae
1156 1251 1187 1300 et
1204 1257 1259 1300 va-

183 1340 310 1405 cuitatis
333 1339 412 1405 locis
422 1338 456 1392 (4)
477 1337 649 1405 deservisse
671 1360 727 1427 per
750 1341 983 1407 necessitatem:
1007 1356 1092 1406 extra
1111 1341 1196 1406 enim
1211 1339 1260 1406 lu·

184 1469 262 1512 men
275 1445 355 1512 lacta
366 1461 424 1527 est,
440 1461 471 1511 et
487 1462 572 1512 extra
584 1446 741 1527 Pleroma,
757 1445 904 1513 informis
917 1462 947 1512 et
964 1447 1030 1514 sine
1046 1447 1158 1535 specie,
1172 1448 1259 1536 quasi

183 1555 326 1634 abortus,
343 1551 414 1620 ideo
432 1555 505 1641 quia
525 1552 603 1620 nihil
621 1552 832 1642 apprehendit.
879 1555 1047 1620 Misenum
1066 1569 1171 1620 autem
1191 1556 1258 1621 eius

183 1659 383 1746 superiorem
397 1658 584 1754 Christum,
604 1676 634 1726 et
652 1682 708 1747 per
730 1682 858 1727 crucem
878 1671 1054 1742 extensum,
1067 1660 1100 1714 (⁵)
1123 1683 1177 1726 sua
1193 1661 1258 1726 vir·

183 1821 247 1884 ἀπο
258 1830 311 1904 τῆς
323 1819 471 1902 ἀληθείας
482 1824 553 1898 τοὺς
566 1823 607 1904 μὴ
619 1819 739 1907 ἑδραίαν
750 1823 805 1904 τὴν
816 1820 913 1885 πίστιν
925 1821 966 1898 εἰς
978 1821 1032 1884 ἕνα
1040 1819 1118 1886 Θεὸν
1134 1819 1260 1905 Πατέρα

183 1923 423 2010 παντοκράτορα,
445 1927 499 1988 καὶ
514 1926 555 2002 εἰς
572 1928 626 1990 ἕνα
648 1925 749 2010 κύριον
773 1925 893 2009 Ἰησοῦν
908 1926 1039 2011 Χριστὸν
1054 1929 1105 1990 τὸν
1124 1925 1186 1989 υἱον
1204 1935 1257 1991 τοῦ

184 2031 268 2098 Θεοῦ
290 2031 557 2116 &maliacem

253 2222 310 2306 IV,
330 2243 358 2289 1.
404 2222 452 2288 Τὰ
470 2224 504 2288 δὲ
521 2226 608 2302 ἐκτὸς
625 2233 679 2289 τοῦ
697 2223 904 2312 Πληρώματος
925 2223 1077 2312 λεγόμενα
1099 2224 1150 2290 ὑπ’
1159 2229 1258 2292 αὐτῶν

184 2331 266 2394 ἐστιν
277 2339 417 2396 τοιαῦτα·
433 2334 487 2415 τὴν
503 2330 691 2418 Ἐνθὺμηοιν
705 2342 757 2417 τῆς
772 2335 834 2397 ἄνω
849 2331 971 2417 Σορίας,
983 2333 1020 2417 ῆν
1034 2335 1087 2396 καὶ
1099 2332 1258 2418 Ἀχαμὼθ

183 2437 339 2520 καλοῦσιν,
356 2439 571 2522 appobatum
585 2447 638 2502 τοῦ
655 2437 861 2527 Πληρώματος
875 2443 930 2504 σὺν
941 2447 982 2524 τῷ
997 2439 1102 2520 πάθει,
1116 2438 1254 2524 λέγουσιν

185 2545 217 2608 ἐν
247 2553 335 2621 σκιᾶς
360 2546 413 2608 καὶ
442 2543 615 2628 κενώματος
644 2541 747 2621 τόποις
775 2544 978 2632 ἐκβεβράσθαι
1000 2547 1081 2610 κατὰ
1107 2546 1253 2629 ἀνάγκην.

185 2648 268 2727 Ἐξω
282 2653 343 2734 γὰρ
357 2653 454 2734 φωτὸς
469 2647 587 2735 ἐγένετο
601 2652 655 2714 καὶ
671 2648 888 2736 Πληρὼρατος,
904 2655 1036 2737 ἀμορρος
1047 2654 1100 2716 καὶ
1115 2651 1256 2731 ἀνείδεος,

187 2755 290 2840 ὥσπερ
312 2757 463 2840 ἔκτρωμα,
486 2757 534 2819 διὰ
556 2759 590 2820 τὸ
619 2757 711 2841 μηδὲν
741 2755 968 2842 κατειληφέναι·
1015 2756 1200 2842 οἰκτείραντα
1224 2778 1257 2821 τε

184 2866 278 2947 αότὴν
300 2866 351 2927 τὸν
374 2863 437 2928 ἄνω
461 2863 601 2947 Χριστὸν,
620 2865 674 2928 καὶ
687 2864 736 2927 διὰ
753 2873 805 2929 τοῦ
828 2875 958 2951 σταυροῦ
978 2865 1199 2947 ἐπεκταθέντα,
1221 2874 1258 2949 τῇ

221 3046 263 3112 (ι)
282 3043 355 3098 Nota
367 3045 482 3117 symboli
495 3044 631 3100 orientalis
646 3046 696 3099 ini·
786 3047 828 3113 (4)
841 3044 942 3098 Umbra
951 3056 978 3098 et
988 3045 1105 3098 vacuitas
1116 3045 1259 3116 opponitur

185 3131 263 3196 tium,
274 3143 301 3183 er
316 3129 362 3184 clr.
375 3130 455 3202 praef.
468 3131 542 3185 cuius
554 3149 696 3203 argumen-
750 3146 814 3182 moa
833 3129 865 3183 ad
877 3130 969 3182 lumen
984 3141 1009 3182 et
1020 3129 1150 3183 Pleroma.
1187 3128 1259 3182 Tett-

184 3227 243 3268 tum
262 3214 315 3267 huc
333 3231 467 3268 recurrere
485 3214 598 3270 videtur.
627 3238 630 3247 ·
749 3229 829 3268 ruet.
848 3215 865 3266 l.
884 3232 907 3268 c.
922 3226 949 3268 et
967 3214 1043 3267 laea.
1062 3213 1095 3278 ll,
1111 3228 1151 3278 14,
1162 3227 1186 3278 2,
1199 3231 1259 3284 pro-

221 3300 265 3367 (2)
285 3297 350 3368 Cap.
373 3297 411 3350 lV
438 3312 464 3353 et
491 3297 517 3350 V
541 3300 697 3354 describitur
750 3311 847 3352 vocant
864 3299 897 3352 ad
916 3315 1030 3352 vacuum
1055 3311 1080 3350 et
1100 3297 1179 3350 inane
1197 3297 1259 3369 Epi-

186 3383 361 3453 cosmogonia
382 3383 510 3454 gnostica.
553 3385 597 3438 Ad
616 3401 696 3456 quam
750 3383 817 3448 curi;
837 3400 929 3436 verum
948 3383 1029 3436 chaos
1047 3382 1211 3453 philosophis
1233 3395 1259 3436 et

186 3467 379 3520 restituendam
388 3468 548 3522 documenta
558 3471 698 3541 praecipua
751 3466 899 3519 christianis
909 3465 984 3534 (Gen.
1000 3466 1021 3529 Ι,
1041 3467 1069 3534 2)
1085 3477 1180 3519 notum
1192 3477 1258 3518 erat.

186 3551 219 3603 ab
228 3550 262 3603 lr.
276 3551 485 3621 suppeditantur:
497 3565 583 3607 cetera
593 3563 697 3617 vero‚at
752 3549 894 3619 Deservissc
912 3551 1049 3620 imperitus
1068 3551 1195 3619 interpres
1212 3567 1259 3620 pro

186 3635 348 3704 incompleta
363 3647 389 3688 et
408 3636 515 3700 seriora,
534 3636 566 3691 ab
591 3637 699 3708 Hippol.
750 3633 897 3704 efferbuisse,
924 3651 969 3688 sen
1000 3635 1092 3688 dolore
1122 3635 1258 3687 incensam

186 3731 213 3771 er
225 3718 298 3771 libris
308 3720 434 3790 gnosticis
450 3734 479 3773 111
491 3721 597 3774 sacculi.
633 3721 697 3774 Sub-
750 3733 816 3786 esse,
830 3721 864 3774 ob
883 3719 996 3773 inlelicia
1009 3736 1055 3772 sua
1075 3717 1127 3772 fata
1146 3719 1218 3786 (κατ’
1229 3721 1258 3770 ἀ-

186 3804 696 3859 stratumrerumexsenteotiaValent.
750 3807 875 3874 νοίγκην),
895 3804 983 3876 ponit!
1021 3803 1074 3856 Clr.
1095 3820 1119 3874 p.
1133 3805 1175 3868 85,
1191 3821 1217 3856 n.
1236 3818 1257 3855 1.

187 3887 324 3940 restituere
342 3888 431 3941 conati
446 3905 536 3942 sumus
551 3889 579 3942 in
599 3889 698 3960 Prolcg.
785 3891 828 3958 (5)
847 3890 867 3943 l.
883 3907 905 3943 e.
919 3901 993 3942 extra
1012 3887 1105 3941 Horon
1128 3904 1209 3958 usque
1228 3903 1257 3939 se

186 3969 243 4024 Cfr.
255 3971 317 4024 ibid.
328 3985 403 4043 pas,
413 3985 439 4026 et
452 3973 520 4026 inira
529 3991 556 4044 p.
568 3989 660 4039 111,n.
673 3987 697 4025 2.
750 3973 911 4044 protendens
930 3971 989 4042 [cli.
1010 3970 1057 4036 lll,
1079 3971 1118 4034 18,
1135 3985 1158 4034 2,
1173 3979 1259 4040 super-

224 4054 698 4129 (3)Estnomenhebr.Sophiae‚quo
750 4063 863 4110 extensus
882 4055 953 4110 Horo
972 4057 989 4110 i.
1013 4073 1033 4107 ι.
1054 4053 1130 4124 fine]
1176 4053 1259 4124 Igitur

188 4151 297 4192 utuntur
306 4139 402 4195 Gnost.
411 4141 590 4196 distinctionis
602 4142 698 4213 gratia.
751 4143 860 4214 syzygia
878 4138 1128 4210 Christus-Spiritus
1148 4139 1216 4206 (ll,5
1232 4149 1259 4192 et

260 4349 316 4393 aar.
329 4348 396 4395 sana
412 4351 468 4394 aaa.
484 4353 539 4407 (sa.
551 4353 581 4407 n)
596 4355 634 4396 nr.
1169 4333 1186 4386 7
