3172 5044
364 427 400 492 18
778 445 1017 493 rnocecouuun

358 643 436 717 suis
462 642 554 717 iocis
583 641 848 726 indicabimus;
871 642 965 716 haec
984 658 1111 716 tamen
1135 643 1330 741 hucusque
1354 667 1429 716 non

357 783 462 842 tanta
490 783 598 842 erant
626 782 666 840 ut
693 766 880 864 integram
908 766 1120 840 versionem
1144 767 1192 846 Ir.
1213 766 1249 840 in
1270 766 1429 841 Oriente

357 895 493 968 factam
508 893 825 966 demonstrarent:
843 907 893 976 at,
911 917 1026 988 quum
1043 891 1257 988 nuperrime
1272 890 1337 964 DJ
1351 890 1431 964 Ter

357 1015 626 1091 Mekerttscian
661 1015 831 1088 codicem
865 1040 1063 1088 armenum
1091 1015 1187 1088 duos
1214 1030 1428 1112 postremos

357 1139 472 1214 libros
492 1131 558 1247 [ex
576 1139 749 1212 versione
774 1137 921 1235 syriaca
933 1131 1001 1245 (?)]
1025 1139 1248 1212 referentem
1276 1138 1430 1212 detexe-

358 1264 415 1348 rit,
447 1265 602 1338 dubium
631 1262 836 1336 consistere
867 1263 1006 1361 nequit.

438 1387 628 1486 Superest,
651 1387 699 1459 ad
722 1387 944 1460 hodiernum
973 1387 1099 1484 operis
1127 1402 1265 1461 statum
1294 1383 1429 1458 consti·

358 1510 977 1608 tuendum,utdeipsiusdivisione
989 1512 1174 1609 quaedam
1185 1509 1425 1608 attingamus.

359 1637 538 1733 Quinque
552 1635 666 1710 fibros
683 1637 804 1733 ipsum
820 1638 865 1710 lr.
878 1663 1061 1735 persaepe
1077 1637 1232 1710 innuere
1247 1636 1321 1710 iam
1337 1636 1427 1710 dixi·

358 1785 451 1845 mus,
475 1785 545 1834 nec
564 1776 622 1834 est
640 1786 707 1834 cur
726 1761 762 1833 in
784 1761 854 1834 hac
873 1761 1113 1835 distinctione
1139 1761 1345 1835 asserenda
1365 1761 1428 1834 im-

358 1907 558 1957 moremur:
589 1899 637 1970 at,
661 1885 757 1958 hanc
785 1901 945 1983 praeter,
969 1886 1018 1958 nil
1038 1901 1096 1959 est
1125 1885 1161 1958 in
1190 1909 1306 1982 opere
1326 1885 1428 1982 quod

358 2005 535 2080 librorum
557 2007 767 2105 partitionis
796 2008 1064 2107 cuiuscumque
1092 2009 1253 2106 vestigia
1272 2009 1425 2105 prodat:

356 2147 483 2205 tamen
503 2133 653 2206 codices
670 2132 951 2231 antiquissimos
966 2133 1129 2231 capitum
1149 2133 1427 2208 distinctionem

358 2256 573 2330 exhibuisse
594 2283 667 2333 non
688 2284 803 2331 unum
824 2275 881 2331 est
901 2257 1088 2332 indicium.
1147 2259 1320 2333 Profecto
1343 2259 1428 2332 Pro·

358 2380 488 2477 copius
502 2381 675 2456 Gazaeus
695 2382 731 2454 in
751 2408 820 2456 suo
844 2383 1040 2456 comment.
1064 2384 1100 2456 in
1121 2409 1201 2481 cap.
1225 2383 1274 2456 ΙΙΙ
1298 2383 1424 2456 Gencs.

286 2517 289 2525 '
357 2505 488 2579 recitat
502 2507 556 2578 A.
569 2508 624 2578 H.
643 2507 703 2592 111,
724 2531 783 2600 23,
798 2528 815 2599 5
833 2523 1024 2604 tamquam
1046 2534 1094 2581 ex
1109 2507 1231 2606 capite
1250 2528 1297 2600 59
1309 2522 1348 2581 et
1364 2512 1386 2578 6
1393 2528 1425 2599 5;

358 2629 610 2728 fragmentum
638 2632 681 2717 11,
704 2655 801 2716 xx1v‚
831 2655 844 2704 1
870 2632 1014 2729 syriace
1034 2632 1220 2707 inducitur
1255 2657 1338 2706 ‹ex
1357 2648 1426 2705 tra·

365 2769 499 2827 ‹ctatu
519 2755 562 2840 ΙΙ,
584 2780 664 2852 cap.
691 2775 732 2846 71
758 2757 859 2852 quod
880 2772 938 2830 est
958 2772 1070 2854 caput
1092 2775 1165 2849 527
1195 2756 1281 2853 [sic]
1312 2756 1427 2830 totius

364 2878 478 2952 «libri
494 2908 530 2952 ν.
579 2879 744 2953 Demum
760 2880 880 2977 qualis
899 2881 946 2954 sit
966 2882 1116 2978 partitio
1132 2881 1167 2954 in
1184 2882 1307 2980 capita
1326 2882 1426 2979 apud

356 3028 489 3077 omnes
517 3003 670 3077 omnino
706 3006 856 3079 codices
889 3032 986 3080 nunc
1014 3007 1234 3104 superstites
1262 3006 1427 3081 ostendit

358 3127 483 3213 Loofs,
515 3153 575 3226 op.
607 3127 666 3201 cit.
689 3156 724 3226 p.
751 3151 849 3222 24-5
858 3152 890 3222 5,
913 3132 975 3227 qui
1006 3131 1041 3204 in
1062 3131 1132 3204 illis
1150 3131 1291 3229 optima
1311 3132 1427 3205 admi-

358 3251 479 3326 nicula
499 3253 640 3326 invenit
667 3254 716 3326 ad
745 3256 902 3328 familias
930 3256 1102 3330 codicum
1131 3255 1423 3331 constituendas.

358 3375 833 3470 Quumautemhicdoctor
844 3382 976 3455 horum
989 3382 1152 3480 capitum
1165 3381 1426 3480 inscriptiones

358 3501 435 3573 fere
455 3500 524 3598 ipsi
545 3502 589 3574 Ir.
612 3529 686 3576 non
707 3505 904 3590 adscribat,
937 3506 1166 3603 easdemque
1194 3507 1285 3580 satis
1303 3524 1425 3580 osten·

356 3625 421 3698 dat
439 3627 571 3700 saltem
591 3629 639 3701 ab
660 3627 863 3726 interprete
882 3631 1027 3703 adfixas
1047 3632 1100 3728 (p.
1128 3636 1172 3704 61
1193 3635 1281 3730 sq.),
1314 3657 1424 3706 nemo

357 3773 426 3822 nos
453 3753 738 3848 reprehenderit
757 3755 787 3827 si
808 3755 887 3828 illas
907 3781 976 3852 pro
1005 3782 1115 3852 posse
1137 3757 1296 3830 intexto
1322 3757 1424 3831 resti·

355 3871 536 3948 tuerimus
564 3901 655 3973 prae
682 3878 921 3976 antiquorum
943 3879 1129 3952 editorum
1148 3879 1422 3977 partitionibus,

355 3995 406 4072 ita
427 4013 553 4072 tamen
573 4016 614 4072 ut
641 4002 819 4098 vulgatae
838 4019 877 4075 et
896 4003 1062 4100 optimae
1082 4003 1276 4078 Massuetii
1296 4005 1425 4078 distin·

355 4119 489 4196 ctionis
516 4123 700 4198 rationem
729 4128 1012 4201 servaverimus.
