3238 5090
228 523 467 592 (XLv111,1-3).]
629 523 718 574 tmen
742 523 906 569 securtous
1235 520 1299 588 457

228 741 351 789 tantum
368 738 474 788 autem
491 718 644 786 absunt<¹l
658 718 696 786 ab
710 743 750 786 eo
765 735 799 785 ut
812 734 975 786 mortuum
991 720 1124 785 excitent
1136 717 1303 807 (quemad-

229 825 363 894 modum
386 827 548 893 Dominus
575 825 732 905 excitavit,
756 842 787 891 et
810 824 944 912 apostoli
975 846 1030 912 per
1052 826 1240 906 orationem,
1271 839 1301 890 et

227 934 260 999 in
284 932 473 1001 fraternitate
505 933 686 1021 saepissime
716 949 842 1020 propter
872 929 988 1021 aliquid
1019 933 1241 1013 necessarium,
1265 951 1299 996 ea

227 1062 307 1127 quae
331 1056 378 1106 est
401 1040 434 1106 in
457 1060 586 1128 quoquo
614 1039 687 1105 loco
715 1039 853 1106 Ecclesia
878 1039 1025 1104 universa
1047 1037 1223 1126 postulante
1245 1060 1300 1126 per

228 1147 381 1213 ieiunium
411 1163 442 1212 et
470 1146 726 1234 supplicationem
761 1146 905 1228 multam,
934 1168 1078 1213 reversus
1103 1161 1149 1212 est
1172 1147 1299 1233 spiritus

229 1255 359 1333 mortui,
371 1271 402 1320 et
415 1251 549 1320 donatus
564 1270 611 1319 est
627 1253 726 1319 homo
742 1251 936 1320 orationibus
952 1251 1196 1341 sanctorum),(²)
1210 1267 1244 1317 ut
1259 1275 1299 1318 ne

228 1360 356 1448 quidem
381 1359 508 1428 credant
531 1360 591 1428 hoc
616 1363 648 1427 in
671 1377 774 1427 totum
799 1383 891 1448 posse
914 1358 999 1426 fieri:
1031 1383 1099 1426 esse
1122 1375 1227 1425 autem
1250 1380 1300 1424 re-

230 1471 457 1535 surrectionem
481 1492 497 1534 a
523 1470 669 1550 mortuiS,
688 1469 882 1556 agnitionem
900 1469 967 1534 eius
991 1489 1069 1555 quae
1093 1464 1130 1532 ab
1154 1467 1199 1532 eis
1222 1465 1299 1532 dici-

229 1590 290 1655 tur,
315 1575 464 1641 veritatis
477 1575 511 1628 (ί)

298 1701 326 1767 3.
353 1680 491 1764 Quando
514 1682 608 1770 igitur
630 1681 710 1770 apud
734 1703 790 1748 eos
810 1679 938 1770 quidem
970 1703 1068 1763 error,
1083 1696 1123 1746 et
1145 1679 1297 1762 seductio,

229 1804 260 1854 et
283 1790 406 1876 magica
428 1787 589 1877 phantasia
613 1788 645 1853 in
669 1788 827 1876 speculato
854 1787 1021 1854 hominum
1055 1788 1152 1874 impie
1174 1786 1241 1866 fiat3
1266 1787 1298 1852 in

230 1893 367 1961 Ecclesia
397 1911 502 1959 autem
536 1894 707 1974 miseratio,
736 1909 766 1958 et
789 1891 1014 1973 misericordia,
1038 1910 1068 1959 et
1090 1891 1233 1974 firmitas,
1268 1907 1298 1959 et

228 2001 342 2065 veritas
360 1998 398 2065 ad
417 1999 654 2087 opitulationem
675 1999 853 2077 hominum,
867 2020 932 2064 non
944 2000 1049 2064 solum
1068 2000 1134 2065 sine
1153 1999 1297 2066 mercede

229 2124 260 2172 et
283 2107 377 2194 gratis
408 2105 593 2195 perficiatur,
625 2105 678 2172 sed
710 2122 741 2172 et
772 2104 863 2173 nobis
887 2107 962 2194 ipsis
985 2129 1064 2195 quae
1087 2122 1159 2172 sunt
1190 2123 1297 2174 nostra

228 2212 427 2302 erogantibus
450 2237 506 2302 pro
530 2214 628 2280 salute
651 2211 830 2294 hominum,
853 2231 883 2280 et
907 2238 953 2294 ea,
975 2213 1089 2302 quibus
1112 2215 1143 2280 hi
1167 2216 1220 2304 qui
1243 2239 1298 2282 cu-

296 2425 449 2491 Τσσοῠτσν
464 2427 497 2490 δὲ
512 2426 692 2492 ἀποδέουσιν
707 2437 760 2492 τοῦ
775 2431 881 2512 νεκρὸν
896 2429 1017 2512 ἐγεῖραι,
1033 2428 1142 2504 καθὼς
1157 2427 1173 2491 ὁ
1186 2428 1298 2514 Κύριος

228 2535 347 2618 ίρχειρεν
365 2534 418 2596 καί
440 2533 467 2596 οἱ
489 2532 655 2597 ἀπόστολοι
674 2533 722 2597 διὰ
740 2543 922 2618 προσευχῆς,
941 2537 994 2598 καί
1012 2535 1045 2597 ἐν
1063 2544 1100 2616 τη
1119 2531 1298 2618 ἀδελφότητι

228 2637 375 2715 πολλάκις
389 2638 438 2702 διὰ
453 2641 486 2702 τὸ
501 2638 664 2724 ἀναγκαῖον
679 2639 732 2702 καί
745 2649 798 2722 τῆς
811 2641 891 2702 κατὰ
906 2637 998 2703 τόπον
1016 2637 1181 2722 ἐκκλησίας
1195 2639 1297 2722 πάσης

229 2743 430 2829 αἰτησαμένης
450 2747 526 2830 μετὰ
544 2745 683 2830 νηστείας
700 2747 753 2808 καὶ
770 2744 918 2822 λιτανείας
933 2745 1049 2828 πολλῆς
1067 2743 1249 2829 ἐπέστρεψεν
1263 2748 1296 2809 τὸ

229 2859 348 2934 πνεῦμα
369 2859 422 2915 τοῦ
444 2851 740 2936 τετελελευτηκοτας,
764 2854 816 2916 καί
838 2851 990 2938 ἐχαρίσθη
1013 2853 1030 2918 ὁ
1053 2852 1214 2937 ἄνθρωπος
1233 2861 1297 2929 ταῖς

229 2957 334 3040 εὐχαῖς
356 2965 415 3021 τῶν
437 2958 583 3043 ἁγίων...

266 3157 307 3221 (r)
318 3154 419 3208 Graeca
433 3155 496 3209 haec
509 3172 541 3208 ex
554 3155 651 3208 Eusnu.
663 3155 697 3210 H.
705 3153 735 3208 E.

231 3237 734 3308 V,7(Scnwamz,l‚440)desumimus.

265 3327 307 3392 (2)
326 3323 380 3377 Clr.
394 3324 474 3378 etiam
490 3323 557 3378 inira
573 3339 699 3390 xxx11,4.

261 3410 304 3479 (ς)
329 3407 471 3462 Gnosticos
498 3409 630 3480 denegare
657 3427 735 3464 uerae

229 3493 427 3546 resurrectionis
448 3493 647 3562 possibilitatem
669 3493 736 3546 vidi·

229 3593 288 3629 mus
300 3595 325 3628 v.
339 3595 364 3648 g.
378 3577 398 3642 1,
408 3591 478 3631 xxrv
494 3592 521 3645 53
535 3591 623 3642 xxuu,
641 3592 667 3644 3:
683 3595 735 3647 quo

229 3671 317 3713 autent
342 3678 419 3714 sensu
445 3662 663 3715 resurrectionem
688 3662 735 3714 do-

229 3757 305 3797 ceant
314 3764 341 3797 -ν,
352 3763 394 3815 ap.
407 3744 548 3798 Taurum.
564 3745 667 3798 Resurr.
686 3761 734 3815 19:

232 3847 245 3876 ν
255 3827 486 3883 Resurrectionem
493 3841 658 3883 mortuorum
666 3867 671 3882 .
680 3869 685 3881 .
694 3869 699 3882 .
707 3830 734 3882 in

231 3935 245 3965 u
258 3917 443 3988 imaginariam
456 3917 676 3988 significationem
697 3919 735 3970 di·

231 4012 399 4072 «storquent,
419 4014 600 4056 asseverantes
619 4015 734 4056 mortem

233 4085 336 4138 uetiam
366 4087 451 4157 ipsam
478 4087 630 4157 spiritaliter
658 4087 735 4140 intel-

231 4170 433 4241 aligendam...
449 4171 524 4224 Hanc
544 4188 644 4224 esse...
659 4171 734 4242 igno·

232 4255 369 4308 urantiam
394 4256 454 4320 Dei,
480 4273 526 4326 per
553 4273 634 4326 quam
652 4249 735 4308 homo

793 3169 937 3210 «mortuus
956 3157 1014 3211 Deo
1032 3175 1086 3210 non
1102 3156 1190 3208 minus
1209 3155 1236 3208 in
1255 3171 1295 3208 er·

793 3260 875 3295 «rore
894 3242 1001 3296 iacuerit
1014 3259 1094 3308 quam
1107 3241 1135 3294 in
1148 3241 1294 3310 sepulchro.

793 3327 907 3398 ultaque
935 3337 960 3380 et
988 3325 1207 3379 resurrectionem
1233 3341 1294 3378 eam

794 3410 1015 3476 «vindicandam,
1037 3427 1087 3482 qua
1112 3409 1178 3482 quis,
1206 3409 1295 3462 audita

793 3515 807 3544 a
817 3495 937 3560 veritate,
948 3495 1126 3548 redanimatus
1142 3506 1167 3548 et
1182 3493 1296 3548 revivifi-

794 3590 889 3632 «catus
899 3579 965 3643 Deo,
976 3579 1142 3650 ignorantiae
1157 3591 1244 3632 morte
1257 3578 1295 3630 di·

792 3684 805 3714 a
815 3681 912 3728 seuseu,
926 3665 995 3716 velut
1006 3665 1038 3716 de
1048 3663 1187 3734 sepulchro
1199 3661 1295 3715 veteris

792 3749 933 3802 «hominis
972 3748 1131 3818 eruperit...
1163 3745 1227 3810 Vae,
1256 3746 1295 3799 in-

793 3853 806 3882 «
816 3833 918 3904 quiunt,
934 3832 978 3902 qui
994 3832 1022 3884 in
1036 3833 1086 3885 hac
1101 3849 1180 3886 came
1190 3849 1244 3885 non
1254 3848 1294 3884 re·

792 3916 971 3970 ‹tsurreretitl
1001 3915 1094 3968 Tacite
1121 3928 1211 3969 autem
1235 3932 1293 3968 sen·

792 4001 900 4054 atium:
932 4000 989 4054 Vae
1017 4001 1059 4070 qui
1082 4017 1146 4064 non,
1173 4000 1235 4052 dum
1266 3999 1294 4052 in

792 4086 865 4138 «hac
878 4101 957 4138 carne
970 4097 1017 4148 est,
1030 4083 1185 4154 cognoverit
1199 4100 1295 4136 arcana

791 4170 983 4224 «haeretica».
1020 4168 1074 4223 ctr.
1101 4181 1128 4222 et
1156 4169 1176 4234 l,
1202 4183 1249 4234 xv,
1279 4183 1294 4220 2

789 4253 827 4324 lt>-
848 4255 926 4319 202);
946 4269 1004 4319 ru,
1023 4269 1040 4319 ι
1060 4255 1097 4324 (p-
1119 4257 1191 4324 239)-
