3288 5060
382 431 440 496 188
665 449 792 496 manant
811 450 971 496 aovi-:rasus
990 449 1145 495 naereses
1290 445 1373 515 pulv,
1391 459 1441 514 μς

376 644 441 710 bias
461 645 492 710 K
511 660 542 710 et
561 644 599 711 0.
645 645 746 712 Crura
765 645 793 711 Λ
813 663 843 712 et
861 647 897 711 Ξ.
945 643 1043 711 Pedes
1062 644 1094 709 ll
1117 659 1148 710 et
1171 644 1210 709 N.
1224 644 1257 696 (¹)
1303 643 1372 709 Hoc
1394 660 1444 710 est

375 773 489 840 corpus
519 751 596 832 eius,
626 773 705 839 quae
735 767 781 816 est
814 749 987 818 secundum
1012 773 1152 839 magum,
1177 750 1342 829 Veritatis;
1366 749 1442 818 haec

374 857 473 946 ligura
496 858 654 940 elementi,
678 857 727 924 hic
751 875 887 925 caracter
912 858 1027 926 literae.
1074 859 1112 924 Et
1135 873 1227 924 vocat
1250 857 1443 923 elementum

376 965 447 1046 hoc,
470 965 662 1032 Hominem:
677 965 710 1019 (²)
732 987 800 1032 esse
816 983 921 1032 autem
938 965 1058 1032 fontem
1075 967 1117 1032 ait
1132 987 1205 1031 eum
1222 965 1327 1030 omnis
1343 961 1443 1044 verbi,

376 1089 406 1138 et
432 1073 557 1139 initium
582 1073 744 1138 uniuersae
769 1074 866 1155 vocis,
889 1089 920 1138 et
942 1073 1049 1140 omnis
1082 1068 1294 1138 inenarrabilis
1319 1091 1444 1136 enarra-

374 1178 507 1257 tionem,
526 1192 556 1243 et
579 1177 661 1243 taciti
686 1177 805 1244 Silentii
829 1201 876 1244 os.
922 1177 962 1243 Et
984 1177 1045 1244 hoc
1076 1176 1203 1264 quidem
1228 1199 1341 1263 corpus
1364 1177 1443 1241 eius.

376 1284 430 1350 Tu
454 1299 559 1350 autem
583 1281 747 1349 sublimius
770 1283 907 1350 allevans
927 1305 1037 1350 sensus
1051 1283 1298 1372 intelligentiam,
1313 1299 1444 1370 autoge-

376 1391 477 1456 nitora
500 1406 531 1455 et
552 1389 797 1478 patrodotoral³l
820 1389 952 1457 verbum
977 1389 1014 1456 ab
1037 1413 1092 1457 ore
1116 1390 1263 1457 Veritatis
1286 1387 1368 1455 audi.

443 1521 473 1583 4.
508 1495 611 1587 [WH.
632 1496 724 1577 VIII,
738 1495 782 1587 γλ
813 1498 898 1564 Haec
907 1514 1011 1564 autern
1023 1520 1122 1586 quum
1133 1497 1261 1564 dixisset
1272 1497 1444 1579 illa‚atten-

375 1603 500 1670 dentem
525 1602 562 1671 ad
582 1627 655 1669 eum
675 1603 859 1684 Veritatem,
875 1621 904 1670 et
924 1607 1114 1692 aperientem
1130 1627 1178 1683 os,
1194 1605 1354 1692 loquutam
1372 1626 1443 1669 esse

376 1709 528 1777 verbum:
549 1708 682 1776 verbum
702 1727 805 1777 autern
823 1733 941 1778 nomen
962 1709 1091 1790 factum,
1110 1729 1141 1778 et
1156 1734 1273 1777 nornen
1292 1731 1361 1775 esse
1381 1709 1443 1776 hoc

375 1815 459 1906 quod
474 1819 592 1884 scimus
606 1834 636 1884 et
653 1818 814 1906 loquimur
838 1845 854 1883 a
871 1817 1035 1886 Christum
1057 1819 1163 1885 lesum
1180 1844 1211 1900 »ς
1234 1817 1318 1906 quod
1341 1839 1442 1904 quum

376 1925 580 2004 nominasset,
594 1925 698 1990 statim
712 1927 817 1991 tacuit.
857 1925 969 2007 Quum
983 1941 1087 1991 autem
1101 1941 1221 2013 putaret
1231 1924 1359 1990 Marcus
1371 1924 1443 2012 plus

375 2179 473 2262 σφυρὰ
491 2177 510 2240 λ
528 2178 580 2240 καί
598 2174 623 2255 ξ,
643 2175 739 2252 πόδας
757 2198 779 2261 μ
796 2179 850 2241 καί
868 2199 893 2241 ν.
940 2177 1040 2242 Τοῦτο
1060 2177 1123 2240 ἐστι
1136 2180 1170 2240 τὸ
1186 2187 1274 2261 σῶμα
1292 2187 1344 2262 της
1362 2180 1444 2240 κατὰ

375 2287 425 2346 τον
446 2282 543 2366 μάγον
567 2279 751 2367 Ἀληθείας·
775 2291 863 2346 τοῦτο
881 2285 915 2346 τὸ
934 2293 1041 2368 σχῆμα
1059 2292 1112 2346 τοῦ
1135 2281 1296 2368 στοιχείου,
1320 2285 1407 2359 οὗτος
1426 2283 1444 2346 b

375 2391 532 2475 χαρακτὴρ
554 2397 606 2452 τοῦ
624 2387 809 2473 γραίμματος.
858 2387 922 2454 Καί
940 2389 1080 2454 καλοῖτο
1098 2399 1247 2474 στοιχεῖον
1264 2398 1350 2453 τοῦτο
1368 2389 1443 2454 Ἀν-

375 2497 514 2580 θρωπον·
539 2495 612 2558 είναί
634 2517 667 2560 τε
691 2496 788 2580 πηγήν
806 2518 895 2580 φησιν
915 2498 987 2560 αὐτὸ
1010 2499 1121 2572 παντὸς
1142 2496 1245 2582 λόγου,
1269 2499 1322 2559 καὶ
1344 2498 1443 2582 ἀρχὴν

375 2601 473 2686 πίσης
495 2612 602 2686 φωνῆς,
626 2603 679 2666 καί
701 2606 810 2680 παντὸς
833 2602 962 2690 ἀρρήτου
985 2602 1080 2688 ῥῆσιν,
1098 2604 1221 2686 καὶτῆς
1244 2602 1443 2688 σιωπωμένης

375 2709 468 2793 Σιγῆς
482 2709 589 2793 στίμα.
630 2707 692 2772 Καί
707 2719 793 2774 τοῦτο
809 2711 863 2793 μὲν
879 2713 912 2774 το
928 2719 1016 2794 σῶμα
1032 2712 1132 2795 αὐτῆς.
1173 2708 1218 2774 Σὺ
1232 2709 1266 2773 δὲ
1281 2709 1442 2795 μετοίρσιον

375 2815 491 2901 ἐγείρας
514 2819 548 2879 ab
571 2825 623 2900 τῆς
645 2816 775 2894 διανοίας
797 2816 905 2901 νόημα,
928 2819 979 2880 τὸν
1000 2817 1237 2902 αὐτογεννίγτορα
1259 2819 1312 2880 καί
1329 2837 1443 2900 πατρο-

375 2919 483 3006 δότορα
501 2919 591 3007 λόγον
609 2925 669 2984 ἀπὸ
687 2923 841 3008 πομάτων
860 2921 1029 3009 Ἀληθείας
1047 2926 1151 2988 ἄκουε.

442 3051 472 3114 4.
490 3027 593 3092 Ταῦτα
605 3029 637 3091 δὲ
650 3029 759 3112 ταύτης
769 3029 919 3115 εἰπούσης,
934 3028 1169 3117 προσβλέψασαν
1183 3031 1264 3114 αὐτῷ
1282 3033 1335 3114 τἠν
1347 3027 1442 3116 ’aaa

374 3139 470 3220 θείαν,
494 3140 546 3201 καί
568 3135 727 3214 ἀνοίξασαν
750 3141 783 3201 τὸ
805 3137 904 3223 στόμα
925 3137 1059 3222 λαλῆσαι
1080 3137 1190 3222 λόγον·
1215 3141 1265 3202 τὸν
1289 3139 1322 3201 δὲ
1346 3139 1443 3223 λόγον

374 3246 469 3328 ὄνομα
494 3243 647 3327 γενέσθαι,
671 3247 723 3306 καί
745 3247 778 3307 τὸ
801 3245 896 3329 ονομα
918 3245 990 3309 είναι
1012 3253 1110 3326 τοῦτο,
1134 3246 1151 3308 ὃ
1173 3243 1361 3329 γινώσκομεν
1387 3248 1442 3309 καί

375 3351 533 3434 λαλοῦμεν,
550 3351 680 3434 Χριστὸν
696 3349 831 3434 Ἰησοῦν·
852 3353 868 3413 b
886 3353 938 3415 καί
953 3351 1146 3436 ὀνομάσασαν
1161 3355 1253 3436 αὐτὴν
1268 3351 1440 3438 παραυτίκα

374 3465 533 3538 σιωπῆσαι.
582 3454 815 3539 Προσδοκῶντος
848 3455 881 3520 δὲ
906 3465 959 3520 τοῦ
985 3455 1113 3540 Μάρκου
1141 3456 1235 3520 πλέον
1264 3479 1292 3521 τι
1320 3456 1443 3542 μέλλειν

369 3671 372 3676 ’
409 3677 452 3744 (1)
471 3675 655 3729 Curuniversa
668 3675 773 3730 Veritas
784 3692 817 3742 24
828 3678 879 3730 usi·
933 3677 1022 3730 minis.
1061 3675 1129 3730 Hinc
1155 3689 1181 3730 et
1205 3693 1237 3731 ex
1257 3679 1270 3748 ξ
1293 3693 1304 3746 5
1326 3681 1362 3750 (p.
1383 3693 1441 3750 190,

373 3759 435 3812 tatis
460 3759 591 3829 alphabeti
612 3759 693 3813 literis
716 3761 879 3826 exhibeatur,
933 3773 989 3814 not.
1009 3763 1037 3828 4)
1057 3777 1173 3832 expones
1192 3779 1259 3833 quae
1278 3763 1407 3817 adiacent.

374 3845 483 3898 docetur
495 3858 551 3897 rum
566 3844 579 3913 ξ
593 3843 609 3896 6
622 3845 647 3897 h.
662 3862 683 3897 c.
697 3844 770 3915 (quia
783 3862 879 3915 nempe
969 3848 1010 3912 (2)
1030 3845 1111 3900 Cuius
1136 3845 1220 3900 lilium
1245 3863 1311 3912 esse,
1330 3866 1358 3901 se
1376 3849 1441 3902 dicit

374 3945 409 3995 τι
428 3930 519 3983 literae
540 3941 600 3982 sunt
626 3946 692 4000 quae
718 3930 744 3982 in
770 3934 879 3982 nomine
933 3931 1061 3984 Salvator.
1099 3930 1153 3984 Cl‘r.
1169 3949 1193 3986 c.
1209 3931 1259 3986 XII
1273 3932 1318 3986 lin.
1332 3946 1359 3987 et
1372 3932 1440 3987 insta

375 4017 441 4080 lesu,
452 4017 495 4087 qui
509 4016 563 4086 ipse
574 4013 879 4078 estVeritas,continen·
933 4015 992 4081 XV,
1009 4030 1020 4084 3
1038 4014 1082 4069 fin.
1440 4027 1444 4032 “

374 4111 428 4164 tur;
442 4110 498 4152 tum
512 4116 535 4151 c.
554 4097 651 4161 XVIII,
672 4115 691 4157 r,
708 4099 768 4168 quia
783 4115 879 4170 nempe
970 4101 1011 4168 (ς)
1026 4099 1045 4152 I.
1066 4117 1088 4153 e.
1102 4101 1142 4154 sui
1157 4101 1238 4172 ipsius
1250 4103 1399 4172 genitorem
1413 4114 1440 4156 et

374 4182 484 4235 totidem
498 4195 558 4235 sunt
571 4184 689 4235 membra
703 4183 819 4249 corporis
832 4184 878 4236 ho·
933 4183 1037 4237 Patrem
1058 4185 1170 4238 donans.
