3172 5044
174 451 210 518 (1,
234 454 324 522 2-3i·]
617 453 839 502 attentamus
1209 437 1248 530 85

175 647 411 725 contristatam,
435 662 561 734 propter
580 647 924 714 inconsummationem
940 649 1166 736 generationis:
1183 663 1253 735 post

174 751 294 820 deinde
318 754 473 834 timuisse,
497 776 537 819 ne
559 753 620 819 hoc
644 755 747 841 ipsum
773 752 868 821 finem
885 754 1009 822 babeat:
1024 755 1057 808 (¹)
1074 753 1186 820 dehinc
1201 777 1254 820 ex-

178 861 308 946 pavisse
325 877 355 926 et
367 861 549 948 aporiatam,
565 858 612 944 <id
623 875 680 942 est,
697 859 888 946 confusam>
898 878 1099 949 quaerentem
1116 883 1251 942 causam,

177 983 211 1031 et
235 965 506 1056 quemadmodum
528 965 730 1034 absconderet
745 967 787 1048 id,
806 966 889 1057 quod
906 985 970 1035 erat
986 986 1105 1035 natum.
1152 970 1188 1034 ln
1204 968 1252 1035 his

180 1087 291 1138 autem
316 1072 514 1160 passionibus
531 1072 654 1154 factam,
670 1075 826 1162 accepisse
842 1077 1083 1162 regressionem,
1099 1092 1129 1140 et
1145 1077 1178 1140 in
1194 1075 1252 1140 Pa-

178 1194 265 1244 trem
290 1177 411 1266 regredi
433 1180 557 1244 conari:
575 1195 605 1244 et
619 1179 807 1267 aliquamdiu
824 1203 943 1262 ausam,
962 1197 1068 1246 tamen
1090 1179 1251 1261 defecisse,
1305 1175 1306 1178 '

179 1299 212 1349 et
237 1284 409 1372 supplicem
430 1286 530 1351 Patris
553 1285 677 1366 factam.
723 1287 797 1353 Una
815 1303 919 1352 autem
939 1310 1012 1353 curn
1028 1310 1063 1353 ea
1079 1309 1205 1374 rogasse
1221 1303 1252 1353 et

180 1392 323 1478 reliquos
339 1393 476 1474 Aeonas,
490 1393 626 1459 maxime
640 1409 746 1460 autem
762 1394 847 1460 Nun.
893 1393 976 1459 Hinc
994 1392 1101 1460 dicunt
1113 1395 1252 1481 primum

182 1499 311 1566 initium
324 1498 470 1566 habuisse
480 1499 683 1567 substantiam
694 1503 852 1583 materiae,
860 1500 899 1568 de
907 1503 1091 1588 ignorantia,
1101 1518 1130 1568 et
1139 1500 1251 1584 taedi0,

181 1623 214 1671 et
239 1606 364 1686 timore,
381 1622 411 1671 et
434 1623 570 1694 stupore.

252 1737 282 1798 η.
308 1714 401 1779 Pater
423 1729 529 1780 autem
553 1714 744 1800 praedictum
768 1715 881 1780 Horon
904 1715 1090 1802 superhaec
1111 1717 1253 1804 perMo-

182 1841 342 1906 nogenem
366 1820 535 1906 praemittit
552 1821 583 1884 in
602 1821 739 1907 imagine
755 1843 820 1900 sua,
837 1821 904 1886 sine
927 1823 1071 1910 coniuge,
1095 1824 1253 1889 masculo-

184 1925 388 1992 feminam.(²)
434 1927 559 1992 Patrem
583 1927 669 1992 enim
693 1925 859 2014 aliquando
882 1928 1008 2016 quidem
1026 1951 1099 1994 curn
1119 1930 1252 2017 coniuge

184 2033 268 2118 Sige,
293 2032 391 2098 modo
415 2055 491 2098 tero
514 2049 544 2098 et
568 2055 624 2120 pro
649 2034 800 2114 masculo,
825 2049 854 2099 et
878 2056 935 2121 pro
959 2033 1074 2100 femina
1099 2057 1166 2101 esse
1195 2059 1252 2101 vo-

182 2229 233 2290 tn
255 2231 289 2290 ab
312 2227 418 2303 ἀτελές
440 2238 493 2312 τῆς
511 2227 667 2313 γενέσεως,
687 2231 790 2294 ἔπειτα
808 2229 977 2315 φοβηθῆναι
996 2233 1038 2315 μὴ
1056 2232 1108 2294 καὶ
1127 2232 1199 2294 αὐτὸ
1217 2233 1251 2293 τὸ

184 2336 259 2398 εἶναι
270 2333 358 2410 τέλος
370 2335 443 2420 ἔχη·
457 2337 521 2399 εἶτα
532 2335 674 2420 ἐκστῆναι
685 2338 737 2400 καὶ
750 2339 911 2421 ἀπορῆσαι,
924 2337 1073 2422 ζητοῦσαν
1085 2341 1137 2421 τὴν
1145 2336 1250 2416 αἰτίαν,

182 2443 235 2504 καὶ
249 2443 349 2504 ὅντινα
364 2441 471 2525 τρόπον
487 2441 656 2526 ἀποκρΰψει
670 2446 704 2506 τὸ
719 2443 852 2527 γεγονός.
900 2442 1201 2528 Ἐγκαταγενομένην
1217 2441 1250 2506 δέ

184 2557 244 2624 τοῖς
259 2547 376 2611 πάθεσι
394 2547 496 2634 λαβεῖν
513 2551 702 2634 ἐπιστροφὴν,
721 2553 773 2612 καὶ
796 2550 845 2613 ἐπὶ
863 2555 912 2614 τὸν
932 2551 1056 2634 Πατέρα
1073 2550 1251 2634 ἀναδραμεῖν

184 2655 397 2738 πειρασθῆναι,
409 2657 461 2718 καὶ
474 2654 563 2740 μέχρι
574 2658 650 2732 τινὸς
662 2654 866 2739 τολμήσασαν,
882 2655 1082 2740 έξασθενῆσαι
1096 2658 1148 2719 καὶ
1162 2655 1251 2719 ἱκέτιν

183 2769 236 2825 τοῦ
260 2760 380 2844 Πατρὶς
402 2760 565 2845 γενέσθαι·
589 2761 790 2846 συνδεηθηναι
813 2763 846 2826 δὲ
869 2765 944 2846 αὐτῇ
968 2765 1108 2838 καὶτοὺς
1131 2763 1252 2838 λοιποὺς

185 2868 313 2944 aaa-rae,
328 2867 458 2952 μάλιστα
470 2869 503 2932 δὲ
514 2872 566 2932 τὸν
578 2867 668 2933 Νοῦν.
713 2867 876 2934 Ἐντεῦθεν
886 2868 1010 2953 λέγουσι
1024 2869 1143 2955 πρώτην
1156 2872 1252 2954 ἀρχὴν

162 2991 165 2996 ·
184 2973 350 3059 ἐσχηκέναι
365 2977 418 3058 τὴν
434 2973 537 3039 οὐσίαν
556 2984 609 3059 της
627 2975 709 3059 θλης,
729 2976 768 3039 ἐκ
784 2985 838 3060 τῆς
856 2976 985 3061 ἀγνοίας,
1005 2979 1127 3060 καὶτῆς
1146 2976 1250 3061 λῦπης,

182 3085 235 3145 ναὶ
252 3093 306 3146 τοῦ
325 3079 429 3166 φόβου,
449 3083 501 3145 καλ
520 3091 571 3165 τῆς
590 3081 773 3166 ἐκπλήξεως,

249 3211 280 3272 4.
302 3187 340 3252 Ὁ
354 3189 388 3250 δὲ
410 3187 516 3273 Πατὴρ
530 3192 581 3252 τὸν
599 3189 811 3273 προειρημένον
829 3188 922 3274 Ὀρον
940 3192 990 3253 ἐπὶ
1004 3189 1116 3266 τοῦτοις
1132 3191 1180 3252 διὰ
1198 3199 1251 3253 τοῦ

183 3293 371 3378 Μονογενσῦς
393 3293 593 3381 προβάλλεται
616 3295 647 3359 έν
670 3297 761 3360 εἰκόνι
789 3293 856 3380 ἰδίᾳ,
880 3296 1039 3378 ἀσῦζυγον,
1063 3295 1248 3378 ἀθηλυντον·

184 3405 235 3464 τὸν
256 3405 316 3486 γὰρ
340 3401 465 3487 Πατέρα
487 3405 560 3467 ποτὲ
584 3405 639 3487 μὲν
661 3406 737 3488 μετὰ
760 3401 901 3486 συζυγίας
923 3412 976 3484 τῆς
998 3402 1100 3485 Σιγῆς,
1121 3405 1194 3465 ποτὲ
1217 3403 1250 3465 δὲ

184 3510 235 3570 καὶ
257 3509 333 3592 ὑπὲρ
356 3507 454 3594 ἀββεν,
477 3511 529 3573 καὶ
551 3510 626 3595 ὑπὲρ
644 3510 725 3593 θηλυ
743 3511 818 3574 εἶναι
836 3508 971 3573 θέλουσι.
1018 3507 1078 3572 Τὸν
1101 3510 1134 3572 δὲ
1157 3507 1250 3593 Ὀρον

184 3691 242 3738 nae,
256 3674 401 3747 Hippolyto
411 3675 520 3740 invisae,
530 3675 638 3730 evidens
650 3689 689 3729 est
748 3695 836 3730 anum
856 3675 955 3740 sorent3
974 3676 1119 3729 timuerunt
1135 3694 1198 3729 vero
1217 3694 1250 3730 ne

183 3758 301 3811 omnino.
747 3783 761 3811 ιι
771 3762 846 3814 ruina
855 3761 984 3831 quaedam
994 3761 1064 3814 haud
1076 3761 1173 3814 diutius
1181 3763 1250 3814 Aeo

220 3845 263 3911 (r)
279 3842 333 3896 (Σίν.
349 3843 489 3898 Τειτυιι.
505 3844 521 3896 l.
535 3861 567 3908 c.‚
579 3845 622 3897 vel
635 3861 689 3897 me·
748 3865 760 3894 a
771 3861 818 3898 nes
831 3857 950 3898 maneret
962 3866 975 3894 ν
998 3857 1047 3898 etc.

185 3927 235 3979 lius
244 3927 308 3980 Ere.
324 3927 413 3982 Πιιαί.
429 3943 458 3996 31
469 3948 476 3992 ;
488 3928 582 3982 Philus.
591 3927 636 3992 VI,
649 3943 689 3996 31:
780 3929 822 3997 (a)
834 3929 874 3982 Ex
882 3945 967 4000 graec.
978 3930 1071 3982 habes:
1086 3951 1110 3983 «.
1119 3969 1139 3982 ..
1151 3929 1251 3994 Horon,

187 4033 200 4060 ιι
211 4013 358 4066 contristati
371 4027 431 4067 sunt
447 4015 476 4084 [i.
489 4031 512 4066 e.
525 4031 607 4066 omnes
619 4015 689 4067 Aeo
748 4035 761 4063 ιι
770 4031 825 4067 non
834 4015 861 4067 in
870 4015 989 4086 syzygia,
999 4015 1120 4068 ideosine
1130 4014 1246 4067 semina»

189 4096 269 4165 anes]
290 4109 412 4167 putantes
432 4115 465 4150 ne
478 4098 599 4150 similiter
611 4096 690 4150 insor-
744 4101 968 4171 quemadmodum
984 4113 1010 4152 et
1026 4101 1081 4170 ipse
1099 4112 1146 4153 est.
1185 4099 1250 4169 [Csr.

188 4182 689 4253 «mesetinconsummatipartusdeo·
744 4184 866 4237 Philoni.
880 4185 924 4253 c.].
961 4184 1092 4254 interpres
1111 4196 1188 4238 errat.
