3172 5044
356 418 397 503 78
650 436 778 482 ransart
796 435 956 482 abversus
975 435 1131 482 uasnssns
1320 435 1353 504 [1‚
1377 448 1432 487 1-2

356 630 425 696 Nus
449 645 479 695 et
503 628 637 696 Alethia.
690 628 884 694 Sentientem
916 645 1021 693 autem
1046 627 1254 714 Unigenitum
1283 626 1366 692 hunc
1394 627 1433 693 in

355 757 434 824 quae
458 734 595 822 prolatus
618 734 710 814 est‚(¹l
732 735 875 800 emisisse
898 750 929 800 et
952 733 1055 821 ipsum
1076 733 1189 821 Logon
1208 749 1239 798 et
1258 733 1354 814 Zoen,
1373 756 1435 822 pa·

356 857 437 906 trem
461 841 606 907 omnium
631 861 754 919 eorum,
772 840 826 927 qui
845 855 915 926 post
939 861 972 905 se
996 838 1091 906 futuri
1114 854 1229 920 essent,
1248 855 1279 907 et
1301 840 1433 905 initium

356 963 386 1014 et
415 946 637 1013 formationem
666 947 805 1012 universi
829 946 1025 1012 Pleromatis.
1073 947 1121 1012 De
1146 946 1238 1034 Logo
1265 962 1369 1012 autem
1398 963 1434 1012 et

357 1056 420 1121 Zoe
444 1055 607 1133 emissum,
632 1051 804 1120 secundum
825 1054 1092 1140 coniugationem,
1116 1053 1290 1121 Hominem
1314 1069 1346 1119 et
1368 1053 1436 1119 Ec-

356 1159 494 1240 clesiam,
518 1175 550 1225 et
568 1181 636 1226 esse
659 1158 739 1224 hanc
762 1160 1006 1247 primogenitam
1023 1161 1269 1240 octonationem,
1289 1159 1432 1226 radicem

358 1283 388 1332 et
411 1264 615 1332 substantiam
639 1266 797 1346 omnium,
817 1282 949 1353 quatuor
973 1263 1155 1332 nominibus
1173 1264 1253 1353 apud
1273 1287 1328 1332 eos
1347 1289 1434 1332 nun-

358 1390 512 1460 cupatam,
528 1371 666 1458 Bython,
685 1387 716 1437 et
735 1371 821 1451 Nun,
837 1388 868 1436 et
887 1371 1010 1458 Logon,
1028 1387 1058 1436 et
1074 1370 1306 1459 Anthroponl²l
1352 1371 1434 1437 Esse

358 1480 443 1546 enirn
467 1479 595 1545 illorum
619 1499 876 1565 unumquemque
902 1477 1229 1559 masculo-feminam,
1250 1479 1313 1544 sic:
1338 1480 1435 1545 initio

358 1693 518 1757 καλοῦσιν·
536 1694 598 1756 ἔστι
613 1696 673 1777 γὰρ
688 1689 791 1768 Βυόός
807 1693 859 1756 καὶ
873 1692 960 1776 Σιγὴ,
978 1694 1083 1756 ἔπειτα
1098 1691 1178 1769 Νοῦς
1196 1694 1249 1756 καὶ
1265 1691 1433 1777 Ἀλήθεια.

359 1794 552 1884 Αἶσόόμενόν
569 1820 602 1863 τε
620 1801 671 1862 τόν
690 1796 847 1882 Μονογενῆ
871 1807 975 1862 τοῦτον
994 1796 1095 1880 ἐρὀἰς
1113 1797 1301 1884 προεβλήθη,
1321 1798 1434 1885 προβι-

358 1905 421 1970 λεῖν
435 1908 488 1970 καὶ
502 1907 593 1969 αὐτόν
612 1905 713 1990 Λόγον
730 1907 783 1969 καὶ
801 1905 899 1989 Ζωὴν,
917 1904 1033 1990 πατέρα
1050 1905 1169 1970 πάντων
1186 1915 1245 1969 τῶν
1262 1905 1328 1990 μετ’
1341 1908 1435 1971 αὐτόν

359 2011 518 2097 ἐσομένων,
531 2014 582 2076 καὶ
593 2013 691 2097 ἀρχὴν
702 2013 754 2075 καὶ
767 2010 917 2094 μόρφωσιν
929 2014 1041 2089 παντός
1051 2021 1104 2076 τοῦ
1119 2011 1338 2096 Πληρώματος.
1370 2011 1434 2079 Ἐκ

359 2120 392 2183 δὲ
415 2129 468 2182 τοῦ
488 2117 589 2204 Λόγου
607 2121 660 2183 καὶ
681 2127 734 2202 τῆς
758 2118 845 2202 Ζωῆς
859 2117 1088 2204 προβεβλῆσθαι
1103 2121 1183 2182 κατὰ
1198 2117 1342 2202 συζυγίαν
1357 2117 1432 2184 Ἀν-

360 2227 482 2310 όρωιτον
504 2230 557 2290 καὶ
577 2224 783 2310 Ἐκκλησίαν·
798 2227 851 2288 καὶ
865 2225 940 2288 εἶναι
954 2225 1065 2310 taba-qv
1081 2224 1248 2310 ἀρχέγονον
1264 2223 1432 2309 Ὀγδοᾶιδοι,

360 2333 444 2418 ρόζαν
466 2335 518 2396 καὶ
540 2331 703 2396 ὑπόστασιν
726 2339 784 2396 τῶν
802 2331 932 2414 πάντων,
951 2329 1087 2417 τέτρασιν
1106 2330 1231 2416 όνόραοι
1249 2329 1320 2416 παρ’
1332 2333 1433 2409 αὐτοῖς

359 2438 560 2524 καλουμένην,
578 2439 683 2522 Bous,
699 2440 751 2502 καὶ
766 2438 831 2522 Νῷ,
846 2439 899 2501 καὶ
915 2437 1019 2522 Λόγῳ,
1038 2439 1090 2501 καὶ
1114 2435 1296 2522 Ἀνθρώπφ.
1345 2439 1433 2504 Εἶναι

360 2549 418 2632 γὰρ
434 2549 531 2610 αὐτῶν
549 2549 678 2610 ἕκαστον
692 2541 908 2630 ἀρβενόθηλυν,
923 2547 1035 2620 οὕτως·
1052 2553 1167 2628 πρῶτον
1181 2548 1232 2608 τόν
1248 2544 1435 2630 Προοότορα

397 2731 439 2798 (1)
451 2729 521 2782 llaec
535 2728 619 2782 reddit
627 2727 712 2780 Tsnr.
720 2727 737 2780 l.
745 2744 777 2780 c.:
794 2725 869 2779 «Nus
923 2723 1067 2777 Hominem
1090 2722 1210 2794 pervenit
1232 2724 1312 2777 totius
1338 2726 1433 2778 mundi

364 2815 465 2867 «simul
478 2813 578 2882 accepit
591 2811 746 2882 prolationis
759 2827 821 2864 suae
831 2814 869 2863 ol·
923 2806 1077 2878 imaginem.
1090 2807 1162 2860 Nota
1169 2819 1195 2860 et
1201 2807 1341 2880 syzygiam
1348 2825 1434 2861 unum

364 2897 514 2963 «licium»,
535 2897 604 2966 quod
620 2913 652 2949 ex
668 2912 739 2965 seqq.
755 2895 869 2964 explica·
922 2908 980 2944 esse
999 2893 1119 2945 masculo
1137 2891 1304 2957 femininum,
1319 2906 1349 2946 ut
1369 2910 1434 2946 mox

361 2995 410 3036 tur.
449 2981 496 3034 His
515 2997 611 3050 nempe
626 2982 736 3033 obscure
752 2979 870 3032 innuitur
922 2976 1032 3029 dicetur:
1045 2975 1116 3029 Deus
1126 2977 1199 3029 enim
1209 2977 1265 3047 ipse
1274 2978 1308 3044 (c.
1319 2979 1355 3043 s.)
1365 2995 1436 3030 unus

361 3068 400 3118 lex
425 3068 570 3118 imitationis
597 3065 668 3134 [κατ’
693 3067 868 3130 ἀκολουθίαν,
922 3072 962 3113 est
977 3060 1079 3132 Bythos
1096 3060 1140 3132 qui
1155 3061 1183 3114 in
1199 3061 1343 3132 semetipso
1362 3063 1434 3132 prin-

362 3150 492 3221 llippol.]‚
514 3150 539 3202 vi
555 3149 628 3202 cuius
644 3149 721 3202 Aeon
736 3148 868 3219 integram
922 3145 1019 3215 cipium
1036 3145 1216 3216 generationis
1231 3145 1374 3199 inveniret
1388 3163 1435 3216 pa-

361 3253 440 3306 quam
454 3235 555 3304 accepit
568 3236 622 3287 vim
636 3233 782 3304 prolificam
797 3232 868 3303 (glo
922 3230 955 3282 rit
972 3228 1033 3300 (csr.
1051 3230 1083 3282 de
1100 3230 1141 3282 his
1157 3231 1334 3294 Auditunnu,
1349 3227 1435 3295 Essas',

362 3319 443 3387 riamq
460 3318 553 3381 Patris,
572 3316 706 3369 declarare
727 3333 772 3369 seu
794 3331 869 3368 exse·
923 3332 947 3385 p.
968 3331 1018 3386 29²
1034 3333 1090 3385 sqq.
1127 3313 1355 3380 Aun1ctt,Antile
1374 3313 1434 3386 My·

361 3419 418 3454 rere
437 3402 514 3454 debet
536 3418 606 3454 nova
624 3401 766 3454 emissione
788 3399 868 3470 priori
922 3401 1055 3461 sterienw„
1064 3399 1109 3468 qui
1122 3398 1191 3451 hanc
1204 3398 1355 3452 doctrinam
1365 3416 1435 3469 gno·

362 3487 450 3538 simili.
488 3486 553 3550 Hoc,
564 3485 601 3537 uti
615 3497 696 3554 patet,
710 3484 868 3554 principium
923 3483 1049 3536 sticosex
1064 3481 1244 3552 Orphicorum
1259 3483 1435 3554 mysterioso-

362 3582 400 3624 est
411 3571 611 3624 emanationum
622 3586 689 3640 quae
699 3586 762 3621 mox
773 3569 869 3621 descri-
923 3567 984 3638 phia
1012 3567 1187 3637 desumpsisse
1212 3566 1298 3626 docet,
1323 3567 1435 3620 demum

362 3656 456 3707 bentnr
484 3665 509 3706 et
534 3653 724 3716 similitudinis,
750 3669 817 3728 quae
842 3651 869 3704 in
923 3651 1087 3722 Hnu’otqui
1098 3650 1301 3722 pythagoricam
1313 3651 1434 3704 eiusdem

362 3739 444 3791 tribus
464 3739 555 3790 mundi
575 3737 690 3806 partibus
709 3737 845 3807 reperitur.
923 3734 1055 3806 originem
1066 3735 1182 3805 pluribus
1196 3734 1320 3788 ostendit.
1340 3733 1435 3788 Philas.

399 3825 439 3890 (2)
459 3823 576 3876 Attende
601 3823 628 3875 in
652 3823 693 3874 his
718 3820 870 3874 nominibus
923 3821 940 3874 l.
960 3819 995 3890 1).
1040 3819 1134 3872 Partus
1159 3835 1223 3872 vero
1247 3819 1308 3888 quia
1330 3819 1436 3888 parenti

361 3907 517 3977 gradualem
527 3905 769 3959 manifestationem
777 3905 827 3958 Dei
838 3905 870 3958 ad
924 3905 1026 3970 similis,
1034 3915 1059 3957 et
1067 3904 1122 3973 ipse
1132 3919 1247 3975 syzygos
1257 3914 1283 3956 et
1293 3903 1330 3956 ita
1340 3919 1436 3974 porro:

362 4005 449 4045 extra:
475 3991 518 4062 qui
540 4007 636 4060 nempe
658 3991 778 4061 Abyssus
802 4001 868 4054 erat,
923 3989 985 4043 hinc
1004 3989 1104 4059 ogdoas
1118 4003 1209 4058 reapse
1228 3987 1335 4040 nonnisi
1357 3994 1437 4040 tetras

362 4077 405 4129 hie
425 4089 452 4128 ut
472 4076 547 4129 Mens
568 4077 708 4139 revelatur,
730 4075 805 4126 Mens
825 4091 870 4126 au·
923 4085 962 4127 est
975 4074 1003 4126 in
1013 4072 1150 4126 Valentini
1162 4089 1291 4142 germana
1300 4072 1436 4125 sententia

362 4173 416 4213 tem
438 4162 465 4212 in
485 4159 577 4230 Logon
598 4159 754 4229 prorumpit,
773 4158 817 4228 qui
837 4157 869 4210 ad
925 4157 992 4227 [Csr.
1009 4155 1149 4210 Trnrutt.
1165 4157 1181 4208 l.
1198 4155 1242 4226 c.].
