3274 5100
122 501 126 510 Ι
211 426 347 495 (XXVIII,
361 428 447 497 ΗΜ

633 429 722 476 arsen
747 429 860 476 paruus
1213 427 1272 493 291

278 647 308 712 7.
333 626 494 692 Zelantem
516 641 622 692 autem
645 623 823 692 laldabaoth
846 625 985 691 uoluisse
1007 625 1183 712 excogitare
1207 647 1278 690 eva-

210 754 302 799 cuare
313 732 479 798 hominem
492 754 545 820 per
556 730 718 814 feminam,
731 748 762 797 et
772 731 811 798 de
825 755 879 797 sua
892 730 1078 817 Enthymesi
1087 731 1121 784 (¹)
1135 729 1278 797 eduxisse
1321 721 1323 725 ’

211 839 372 920 seminam,
400 861 495 926 quam
523 838 574 904 illa
605 839 758 905 Prunicos
789 839 961 926 suscipiens
984 837 1181 912 invisibiliter
1207 861 1279 904 eva-

210 948 314 1012 cuavit
336 969 353 1011 a
376 947 500 1012 virtute.
559 945 709 1034 Reliquos
737 961 842 1012 autem
875 945 1036 1010 venientes
1072 960 1102 1010 et
1130 945 1279 1010 mirantes

212 1052 442 1120 formositatem
465 1054 543 1133 eius,
572 1075 701 1118 vocasse
731 1075 801 1118 eam
831 1051 943 1132 Evam,
971 1067 1000 1117 et
1023 1052 1279 1138 concupiscentes

212 1159 301 1240 lranc,
324 1181 489 1246 generasse
520 1181 557 1224 ex
589 1181 624 1224 ea
657 1155 742 1248 [sibi]
766 1157 859 1238 filios,
886 1180 967 1246 quos
993 1173 1023 1222 et
1052 1158 1180 1244 angelos
1211 1181 1280 1224 esse

210 1265 327 1332 dicunt.
374 1265 475 1330 Mater
509 1282 614 1331 autem
644 1267 787 1352 ipsorum
815 1281 1030 1352 argumentata
1058 1280 1105 1330 est
1136 1287 1191 1352 per
1214 1286 1279 1330 ser-

212 1390 336 1459 pentem
353 1370 500 1440 seducere
516 1371 616 1438 Evam
633 1389 663 1438 et
679 1369 793 1454 Adam,
810 1369 991 1460 supergredi
1006 1380 1204 1459 praeceptum
1219 1372 1279 1437 lal-

210 1477 363 1560 dabaotlr3
387 1479 452 1544 Eva
475 1495 579 1544 autem
596 1480 683 1567 quasi
699 1502 715 1544 a
733 1479 813 1545 Filio
828 1479 888 1544 Dei
908 1478 968 1545 hoc
985 1477 1125 1558 audiens,
1137 1479 1170 1530 (²)
1189 1477 1278 1545 facile

211 1582 349 1667 credidit,
381 1601 412 1651 et
441 1583 543 1652 Adam
575 1587 672 1654 suasit
710 1584 898 1652 manducare
932 1583 971 1652 de
1002 1581 1123 1664 arbore,
1151 1582 1190 1650 de
1217 1607 1277 1672 qua

210 1690 326 1758 dixerat
357 1692 456 1774 Deus,
482 1713 547 1757 non
577 1689 776 1758 manducare.
824 1689 1050 1758 Manducantes
1080 1708 1186 1757 autem
1222 1714 1277 1757 eos

210 1799 396 1886 cognovisse
421 1821 490 1864 eam
513 1815 662 1887 quaeest
686 1821 779 1886 super
802 1799 910 1864 onmia
933 1799 1082 1865 virtutem
1106 1796 1225 1880 dicunt,
1249 1815 1279 1864 et

210 1905 395 1972 abscessisse
418 1903 456 1970 ab
480 1905 528 1971 his
551 1907 604 1994 qui
629 1904 764 1972 fecerant
795 1928 859 1971 eos.
907 1905 1079 1971 Prunicum
1103 1921 1207 1971 autem
1231 1906 1279 1970 xi-

209 2012 347 2092 dentem,
379 2013 528 2100 quoniam
561 2029 591 2078 et
621 2035 675 2100 per
709 2035 802 2078 suum
838 2013 957 2101 plasma
983 2013 1057 2078 victi
1081 2029 1164 2094 sunt,
1188 2011 1278 2078 valde

209 2120 406 2207 gratulatum,
418 2137 448 2186 et
461 2143 586 2186 rursum
596 2120 797 2199 exclamasse,
809 2121 971 2208 quoniam,
984 2142 1083 2206 quum
1097 2135 1177 2184 esset
1187 2119 1279 2184 Pater

210 2225 463 2314 incorruptibilis,
486 2227 564 2293 olim
584 2227 633 2294 hic
641 2229 674 2282 (¹)
689 2230 894 2314 semetipsum
910 2249 1027 2293 vocans
1044 2227 1168 2292 Patrem
1190 2250 1279 2293 men-

210 2336 283 2401 titus
307 2351 367 2400 est:
392 2351 423 2400 et
444 2357 543 2422 quum
567 2335 676 2401 Homo
700 2333 778 2401 olim
802 2350 884 2400 esset
907 2351 937 2402 et
962 2334 1068 2400 Prima
1089 2333 1228 2416 Femina,
1249 2353 1279 2402 et

211 2438 284 2505 haec
308 2437 483 2506 adulterans
507 2439 656 2526 peccavit.

209 2642 294 2696 Deum
313 2644 528 2715 cognoscendum
547 2646 615 2712 (nun
631 2654 657 2696 et
670 2661 716 2697 en-

208 2727 473 2798 thymesimhabens)
493 2746 522 2782 ac
539 2729 716 2800 proptereail-

209 2812 299 2864 licoad
307 2813 393 2866 Deum
404 2814 632 2885 convenitur3quo
646 2813 715 2867 lacto

209 2897 339 2968 zelotypia
352 2898 500 2967 percellitur
514 2898 666 2952 laldabaoth
677 2912 716 2951 at-

210 2997 330 3051 queeum
345 2982 502 3035 imminuere
521 2995 632 3036 conatur
642 2983 716 3036 femi·

209 3081 252 3130 na,
262 3065 294 3118 ad
304 3066 505 3120 similitudinem
515 3067 620 3120 Primae
630 3067 716 3122 Femi-

209 3149 615 3220 nae‚quaeipsainstrumentum
624 3153 716 3206 Matris

209 3231 347 3298 (Prunicos
367 3250 411 3286 seu
430 3233 540 3304 Sophia)
561 3235 681 3290 efficitur.

244 3317 284 3384 (r)
304 3315 502 3389 Enthymesis:
513 3319 634 3384 intende,
653 3339 716 3374 con·

208 3400 368 3470 cupiscentia
381 3402 439 3472 (clr.
455 3421 513 3474 sup.
527 3405 555 3457 in
574 3403 638 3474 linS
654 3419 664 3471 5
683 3406 715 3458 de

207 3485 311 3556 origine
329 3486 417 3552 Nous)
438 3505 483 3541 seu
505 3489 652 3559 generatim
676 3490 716 3542 in-

208 3583 283 3624 terna
296 3572 344 3625 vis.
383 3571 439 3626 lloc
452 3589 531 3626 sensu
541 3574 715 3644 interpretan-

208 3666 252 3706 tur
270 3654 391 3710 Gnostici
410 3669 512 3710 costam
528 3658 602 3711 Adae
616 3660 648 3712 de
663 3675 715 3729 qua

208 3755 249 3808 ap.
258 3737 318 3790 Gen.
327 3739 411 3806 11,21,
421 3740 491 3794 Deus
502 3742 604 3796 Hes-am
616 3743 714 3796 eduxit.

243 3821 286 3893 (2)
305 3823 379 3877 Hera
403 3843 458 3878 non
483 3826 580 3880 habens
607 3827 668 3880 Nun
688 3839 714 3881 et

207 3905 484 3978 Enthymesin‚immo
497 3923 621 3964 evacuata
632 3913 714 3966 etiam

207 4007 222 4043 a
242 3992 339 4046 virtute
358 3993 395 4046 illi
414 3995 497 4048 indita
517 4013 531 4048 a
551 3996 714 4062 laldabaoth,

206 4074 282 4130 heile
312 4079 417 4132 credere
448 4079 533 4150 potuit
564 4095 715 4152 serpentem

207 4159 282 4213 illum
307 4179 364 4216 esse
382 4163 453 4226 Nun,
474 4165 518 4236 qui
537 4165 630 4220 unicus
646 4166 714 4220 lilius

770 2644 813 2696 dei
831 2643 985 2697 laldabaoth
1002 2644 1142 2714 apparebat
1162 2641 1247 2712 (cleg
1265 2655 1275 2708 5

770 2727 838 2793 fin).
876 2729 954 2799 Apud
970 2744 1063 2780 omnes
1075 2728 1125 2780 hos
1143 2728 1278 2798 gnosticos

770 2828 877 2883 serpens
888 2825 916 2865 ut
929 2813 1135 2866 instrumentum
1146 2811 1208 2864 boni
1221 2811 1278 2880 Spi-

770 2897 835 2950 ritus
852 2909 879 2950 et
897 2914 1012 2967 gnoseos
1027 2897 1138 2949 latorem
1155 2894 1230 2948 facile
1245 2913 1277 2949 ex

771 2982 826 3051 ipsa
834 2981 986 3034 narratione
994 2979 1056 3034 Gen.
1063 2979 1153 3034 haberi
1166 2991 1277 3051 poterat.

770 3070 822 3136 Ap.
835 3067 910 3119 Hrm.
921 3065 955 3130 V,
967 3063 1050 3133 16-17
1061 3077 1100 3118 est
1113 3065 1200 3134 Logos
1214 3066 1277 3134 ipse.

806 3153 850 3220 (3)
869 3150 887 3203 1.
907 3167 930 3203 e.
950 3150 1104 3202 laldabaoth
1128 3149 1169 3202 cui
1192 3149 1278 3203 lllater

770 3249 859 3290 vetera
875 3236 1005 3306 obiurgat,
1019 3251 1118 3288 novum
1135 3235 1216 3287 etiarn
1232 3237 1277 3287 ad-

770 3321 835 3374 dens
855 3320 881 3372 in
897 3320 994 3372 doloris
1008 3332 1033 3372 et
1047 3320 1220 3389 impotentiae
1236 3336 1277 3371 ar-

769 3417 937 3474 gumentum,
951 3406 992 3456 sui
1002 3403 1134 3475 plasmatis
1153 3403 1277 3456 desectio-

769 3505 840 3542 nem.
896 3487 1060 3542 Vertendum
1088 3499 1179 3541 tamen
1204 3500 1276 3540 erat:

770 3575 931 3626 exclamasse
944 3593 957 3622 u
968 3573 1123 3626 laldabaotlr
1133 3573 1276 3625 mentitum

773 3675 853 3712 cesse
871 3675 953 3729 quum
971 3643 1123 3728 aliquando,
1136 3657 1200 3710 dum
1214 3669 1276 3710 ante

773 3744 872 3795 xillum
888 3743 964 3796 Pater
977 3742 1181 3812 incorruptibilis
1196 3753 1274 3806 esset,

773 3845 827 3881 «se
854 3841 944 3881 tamen
974 3828 1080 3882 Patrem
1108 3840 1225 3891 vocaret,
1249 3839 1275 3878 et

773 3914 902 3984 «insuper
930 3930 1050 3984 peccasse
1075 3913 1220 3965 adulterata
1248 3912 1275 3964 in

772 3999 902 4051 «Adamo
919 4011 945 4050 et
965 3998 1039 4050 Heva
1059 3996 1143 4066 figura
1164 3997 1274 4050 Protun-

772 4103 786 4132 a
795 4082 882 4152 thropi
896 4094 922 4135 et
932 4082 1041 4152 Spiritus
1055 4099 1100 4134 seu
1113 4081 1217 4136 Primae
1228 4081 1275 4134 Fe·

772 4167 918 4219 «minae».
