3230 5062
360 417 421 484 144
645 415 772 464 IRENAEI
796 417 956 463 ADVERSUS
979 415 1134 464 HAERESES
1292 413 1349 482 [1X‚
1369 428 1417 482 2-3

353 635 423 680 rem
445 614 601 694 omnium,
620 612 704 679 hunc
723 612 832 679 lumen
846 634 957 678 verum
971 611 1152 678 illuminans
1169 633 1300 677 omnem
1316 610 1420 676 homi-

350 742 435 802 nem,
451 718 535 787 hunc
560 717 671 786 mundi
695 717 926 800 fabricatorem,
944 718 1028 784 hunc
1048 719 1080 784 in
1104 703 1159 784 sua
1181 720 1317 800 venisse,
1336 717 1420 784 hunc

350 826 499 895 eumdem
523 849 650 894 carnem
670 825 798 908 factum,
818 843 848 892 et
868 826 1056 892 inhabitasse
1075 827 1108 891 in
1126 823 1239 892 nobis:
1259 824 1302 906 hi,
1321 840 1422 890 trans-

351 951 506 1001 vertentes
520 932 693 1001 secundum
711 932 882 1000 verisimile
894 933 1135 1020 expositionem,
1147 931 1281 998 alterum
1292 927 1420 1018 quidem

352 1041 567 1130 Monogenem
591 1040 701 1107 volunt
724 1062 793 1106 esse
817 1037 990 1106 secundum
1010 1039 1227 1118 emissionem,
1242 1061 1338 1127 quem
1361 1039 1422 1103 sci-

352 1145 423 1213 licet
441 1164 471 1213 et
494 1147 689 1236 Principium
712 1163 843 1214 vocant:
863 1146 997 1212 alterum
1016 1162 1121 1212 autem
1138 1146 1282 1213 Soterem
1301 1143 1420 1229 (idest,

352 1252 562 1338 Salvatorem)
586 1251 681 1318 fuisse
704 1253 826 1333 volunt,
850 1269 880 1318 et
903 1253 1035 1318 alterurn
1058 1252 1173 1339 Logon
1195 1250 1240 1334 (id
1264 1266 1321 1331 est,
1340 1251 1421 1316 Ver-

352 1358 561 1446 bum)filiu1n
580 1360 771 1448 Monogenis
786 1357 831 1442 (id
851 1375 909 1441 est,
925 1359 1112 1448 Unigeniti>‚
1128 1374 1158 1424 et
1176 1359 1309 1424 alterum
1327 1356 1422 1426 Chri·

353 1482 436 1532 stum
453 1463 491 1533 ad
507 1465 760 1534 emendationem
780 1466 967 1532 Pleromatis
981 1463 1151 1531 emissum:
1175 1480 1205 1530 et
1220 1464 1421 1551 unumquod-

351 1596 411 1662 que
424 1573 538 1640 horum
551 1597 630 1662 quae
645 1572 727 1640 dicta
743 1590 816 1639 sunt
832 1571 1006 1640 auferentes
1021 1596 1037 1638 a
1054 1574 1194 1654 veritate,
1210 1589 1240 1638 et
1258 1570 1420 1638 abutentes

351 1678 544 1758 nominibus,
560 1681 593 1745 in
616 1703 707 1746 suam
730 1680 1033 1767 argumentationem
1058 1677 1299 1744 transtulerunt:
1322 1693 1357 1742 ut
1371 1699 1420 1742 se-

351 1786 489 1854 cuudum
504 1809 561 1854 eos
584 1788 616 1853 in
639 1788 732 1853 tantis
749 1787 882 1853 Ioannes
901 1785 1035 1852 Domini
1056 1784 1126 1850 Iesu
1153 1783 1273 1852 Christi
1296 1805 1420 1850 memo-

352 1895 430 1960 riam
455 1916 520 1960 non
544 1892 661 1960 fecerit.
708 1893 847 1960 Si'enim
864 1894 990 1959 Patrem
1004 1891 1092 1974 dixit,
1108 1908 1138 1958 et
1154 1891 1285 1972 Charin,
1301 1907 1331 1957 et
1347 1891 1420 1957 Mo-

351 2024 506 2089 nogenen,
526 2016 557 2067 et
579 2000 736 2081 Alethian,
759 2016 790 2066 et
812 2001 937 2088 Logon,
953 2015 983 2065 et
1006 1999 1102 2081 Zoen,
1121 2014 1151 2064 et
1170 1997 1369 2087 Anthropon,
1389 2013 1419 2064 et

351 2107 536 2187 Ecclesiam,
559 2105 730 2173 secundum
759 2105 886 2172 illorum
917 2105 1224 2192 argumentationem
1253 2102 1292 2170 de
1319 2105 1418 2191 prima

352 2210 494 2301 ogdoade
516 2212 603 2295 dixit,
623 2213 735 2300 inqua
759 2210 900 2278 nondum
921 2210 1018 2289 Iesus,
1038 2208 1180 2276 nondum
1201 2208 1346 2277 Christus
1370 2209 1421 2275 Io-

351 2320 440 2386 annis
464 2320 622 2408 magister.
680 2319 766 2401 Quia
777 2317 811 2372 (¹)
833 2335 939 2383 autem
962 2314 1088 2383 nonde
1111 2317 1250 2404 syzygiis
1277 2317 1419 2403 ipsorum

351 2515 496 2601 ἀληθινόν
525 2515 650 2600 φωτίζον
680 2514 778 2578 πάντα
804 2514 976 2598 ἄνθρωπον,
1006 2522 1111 2577 τοῦτον
1138 2508 1257 2596 κόσμου
1282 2515 1418 2597 ποιητήν,

350 2631 453 2686 τοῦτον
476 2623 518 2700 εἰς
540 2625 578 2686 τὰ
597 2622 660 2685 ἴδια
689 2617 873 2707 ἐληλυθότα,
896 2629 1000 2684 τοῦτον
1027 2621 1117 2682 αὐτόν
1138 2618 1239 2702 σάρκα
1262 2620 1418 2703 γεγονότα,

349 2730 402 2792 καί
419 2727 615 2813 ἑσκηνωκότα
632 2727 665 2791 ἐν
683 2728 772 2812 ἡμῖν·
792 2729 873 2791 οὗτοι
891 2725 1131 2811 παρατρέποντας
1146 2727 1273 2788 κατὰτὸ
1289 2725 1418 2788 πιθανὸν

349 2837 403 2918 τήν
422 2833 571 2920 ἐξήγησιν,
592 2834 686 2900 ἄλλον
703 2836 759 2920 μὲν
777 2837 827 2898 τδν
846 2831 1004 2918 Μονογενή
1019 2831 1163 2896 θέλουσιν
1178 2833 1251 2896 εἶναι
1270 2834 1352 2895 κατὰ
1365 2834 1418 2914 τήν

349 2939 510 3027 προβολήν,
534 2943 568 3007 δν
590 2943 627 3026 δή
650 2943 702 3005 καὶ
725 2940 844 3026 Ἀρχὴν
866 2940 1021 3020 καλοῦσιν,
1045 2937 1138 3002 ἄλλον
1160 2937 1194 3000 δὲ
1216 2941 1267 3001 τόν
1290 2935 1418 3022 Σωτήρα

349 3048 503 3133 γεγονέναι
526 3046 661 3130 θέλουσι,
681 3050 734 3111 καὶ
755 3049 851 3112 ἄλλον
872 3051 923 3111 τὸν
947 3046 1047 3130 Λόγον
1065 3044 1127 3108 υἱόν
1145 3053 1199 3109 τοῦ
1216 3043 1416 3129 Μονογενοός,

350 3158 403 3220 καὶ
424 3157 517 3220 ἄλλον
539 3159 589 3219 τόν
606 3155 737 3242 Χριστόν
760 3156 801 3232 εἰς
823 3154 1031 3240 ἐπανόρθωσιν
1048 3162 1102 3217 τοῦ
1121 3151 1331 3238 Πληρώματος
1349 3172 1418 3234 προ

352 3261 550 3348 βεβλημένον·
574 3265 626 3326 καί
648 3263 680 3325 ἓν
703 3264 832 3325 ἕκαστον
854 3270 912 3324 τῶν
935 3258 1096 3344 εἰρημένων
1125 3261 1250 3343 ἄραντες
1282 3259 1343 3322 ἀπό
1366 3265 1418 3340 τής

350 3367 507 3453 ἀληθείας,
526 3368 793 3454 καταχρησόμενοι
811 3377 872 3445 τοῖς
887 3364 1039 3451 ὀνόμασιν,
1056 3368 1098 3444 εἰς
1113 3369 1167 3450 τήν
1183 3364 1257 3430 ἰδίαν
1272 3365 1417 3429 ὑπόδεσιν

351 3475 547 3560 μετήνεγκαν,
573 3477 652 3540 ὥστε
682 3474 872 3552 καιάὐτους
894 3476 1007 3550 ἐντοῖς
1030 3473 1181 3549 τοσοότοις
1203 3476 1254 3536 τόν
1278 3471 1418 3554 Ἰωάννην

350 3591 403 3645 τοῦ
422 3582 537 3666 Κυρίου
557 3580 659 3667 Ἰησοῦ
679 3583 812 3666 Χριστοῦ
830 3581 933 3667 μνείαν
952 3584 994 3666 μή
1012 3581 1174 3646 ποιεῖσθαι.
1221 3579 1259 3644 Εἰ
1276 3582 1336 3664 γὰρ
1354 3577 1417 3642 lIa-

350 3687 422 3772 τέρα
434 3690 544 3774 εἴρηκε,
557 3692 610 3753 καὶ
621 3689 727 3774 Χάριν,
743 3691 796 3752 καὶ
806 3689 975 3773 Μονογενή,
986 3691 1038 3752 καί
1049 3687 1229 3772 Ἀλήθειαν,
1241 3688 1294 3750 καὶ
1307 3684 1416 3769 Λόγον,

348 3798 401 3860 καὶ
423 3795 520 3880 Ζωήν,
544 3799 597 3860 καλ
619 3795 815 3879 Ἄνθρωπον,
831 3798 885 3860 καὶ
900 3795 1097 3880 Ἐκκλησίαν,
1122 3797 1203 3858 κατὰ
1224 3795 1279 3878 τήν
1297 3791 1418 3856 ἐκείνων

348 3902 494 3967 ὑπόδεσιν
504 3905 573 3987 περὶ
583 3913 636 3986 τής
647 3901 765 3988 πρώτης
777 3902 921 3988 όγδοίιδος
933 3901 1061 3986 εἴρηκεν,
1075 3901 1138 3984 ἐνή
1154 3897 1272 3964 οὐδέπω
1289 3897 1417 3984 Ἰησοῦς,

349 4009 465 4074 οὐδέπω
489 4010 620 4095 Χριστός
642 4011 659 4074 ό
682 4020 734 4075 τοῦ
758 4008 900 4075 Ἰωίιννου
922 4008 1112 4085 διδάσκαλος.
1158 4007 1227 4074 Ὀτι
1246 4007 1280 4072 δὲ
1298 4009 1334 4071 οὐ
1350 4007 1418 4088 περὶ

387 4152 429 4221 (1)
447 4176 465 4197 =
477 4151 601 4213 Quod...
622 4151 725 4205 dixerit.
