3288 5060
220 495 345 564 (XXVII,
369 495 415 564 1).]
641 498 730 544 arsen
755 498 868 544 antuus
1222 480 1282 546 281

223 691 314 758 Pater
328 691 490 779 Logon.(²)
536 691 782 779 Coniugationes
795 709 898 758 autem
914 691 989 759 fient
1003 693 1142 760 Ennoiae
1155 710 1185 760 et
1196 693 1288 783 Legi,

220 815 251 864 et
267 797 471 885 Aphtharsias
488 815 518 864 et
535 798 672 865 Christi:
697 815 727 866 et
746 800 866 866 Aeonia
890 815 995 866 autern
1020 801 1083 866 Zoe
1107 799 1287 868 Thelemati

221 906 387 972 coniuncta
411 921 467 987 est,
493 920 523 970 et
545 906 615 972 Nus
639 906 805 994 Prognosi.
852 907 890 972 Et
914 906 1153 996 magnificabant
1169 906 1202 973 hi
1222 931 1288 975 ma-

216 1036 316 1102 gnum
340 1013 447 1079 lumen
470 1029 500 1080 et
523 1012 687 1080 Barbelon.

287 1139 317 1185 2.
341 1120 418 1185 Post
440 1118 551 1187 deinde
574 1120 613 1187 de
629 1121 749 1188 Ennoia
765 1139 796 1188 et
811 1120 850 1188 de
870 1121 961 1209 Logo
976 1122 1176 1209 Autogenem
1192 1122 1288 1187 emis-

219 1248 291 1292 sum
314 1225 422 1293 dicunt
445 1226 484 1293 ad
507 1229 824 1315 repraesentationem
848 1230 956 1316 magni
979 1227 1119 1308 luminis,
1146 1244 1176 1294 et
1198 1225 1288 1293 valde

220 1331 464 1400 honorificatum
476 1333 593 1412 dicunt,
606 1351 636 1402 et
652 1337 760 1402 omnia
773 1335 845 1401 hnic
856 1333 1042 1402 subiecta.(²)
1088 1335 1289 1402 Codmissam

219 1455 324 1504 autem
356 1439 385 1504 ei
414 1438 585 1520 Alethiam,
616 1456 646 1506 et
674 1463 742 1506 esse
772 1442 1027 1529 coniugationem
1045 1442 1231 1529 Autogenus
1258 1457 1289 1506 et

219 1544 371 1612 Alethiae.
417 1545 467 1611 De
491 1546 610 1613 iumine
633 1562 748 1632 autem,
772 1545 856 1636 quod
875 1564 922 1613 est
945 1546 1102 1630 Christus,
1125 1565 1156 1614 et
1178 1545 1216 1613 de
1241 1548 1288 1613 in-

219 1652 405 1739 corruptela,
437 1669 573 1738 quatuor
607 1653 721 1720 emissa
752 1653 915 1720 luminaria
950 1653 987 1720 ad
1022 1655 1288 1720 circumstantiam

218 1760 379 1846 Autogeni
403 1758 527 1842 dicunt3
551 1776 581 1826 et
604 1757 643 1828 de
666 1759 854 1826 Thelemate
887 1783 994 1827 rursus
1021 1777 1050 1827 et
1081 1762 1202 1828 Aeonia
1225 1761 1289 1826 Zoe

217 1882 352 1954 quatuor
379 1867 565 1932 emissiones
599 1865 695 1932 factas
726 1865 763 1933 ad
798 1865 1121 1933 subministrationem
1156 1883 1289 1954 quatuor

219 1970 436 2052 luminaribus,
471 1995 548 2060 quas
579 1974 745 2040 nominant
780 1972 910 2056 Charin,
945 1973 1108 2056 Thelesin,
1142 1975 1287 2062 Synesin,

218 2079 404 2145 Phrouesin.
451 2079 490 2145 Et
515 2079 634 2148 Charin
656 2079 783 2168 quidem
803 2103 918 2169 magno
942 2097 973 2147 et
995 2083 1100 2169 primo
1118 2081 1286 2149 luminario

216 2185 411 2268 adiunctam;
434 2184 518 2252 hunc
541 2203 645 2253 autern
669 2210 737 2254 esse
761 2188 870 2255 Sotera
892 2187 1004 2254 volunt
1027 2204 1057 2254 et
1079 2203 1193 2254 vocant
1209 2212 1282 2255 eurn

216 2294 397 2379 Armogen:
422 2291 574 2376 Thelesin
591 2309 697 2359 autem
716 2293 864 2374 secundm
880 2317 975 2384 quem
992 2311 1022 2360 et
1040 2296 1204 2361 nominant
1222 2295 1282 2362 Ra-

217 2488 335 2557 βόλετο].
381 2491 412 2542 '0
433 2493 463 2542 δὲ
482 2493 575 2556 Πατὴρ
598 2492 774 2555 epactetum
798 2495 844 2544 καί
868 2493 966 2558 Λόγον.
1012 2493 1079 2544 Εῐτα
1102 2493 1285 2558 συνεζύγησαν

217 2580 327 2632 Ἐννοια
338 2583 385 2632 καὶ
398 2582 495 2646 Λόγος,
509 2579 664 2646 ’Δφόαρυὶα
675 2584 723 2632 καὶ
737 2583 855 2646 Χριστός,
871 2583 932 2647 Ζωὴ
948 2584 1048 2633 Aturia
1062 2586 1109 2632 καὶ
1120 2584 1151 2633 τὸ
1164 2581 1283 2648 Θέλημα,

216 2672 231 2721 ό
250 2671 318 2734 Νοῦς
336 2674 383 2722 καί
401 2673 418 2736 ἡ
438 2673 590 2736 Πρόγνωσις
674 2671 787 2724 Ἔπειτα
805 2672 883 2722 πόλιν
903 2673 936 2722 ἐκ
954 2677 1002 2738 τῆς
1026 2669 1146 2734 Ἐννοὶας
1169 2674 1216 2723 καὶ
1237 2676 1283 2723 τοῦ

216 2763 307 2826 Λόγου
332 2759 518 2827 προβληόῆνυιὶ
542 2777 607 2826 φασι
625 2763 670 2812 τόν
689 2763 826 2827 Auro-{eun
907 2764 954 2812 καί
972 2763 1018 2812 σὺν
1037 2764 1109 2827 αὐτῷ
1134 2764 1182 2828 τὴν
1206 2761 1284 2827 ’Aith-

216 2850 307 2902 θειαν·
319 2854 366 2901 καὶ
375 2852 503 2916 γενέσθαι
512 2853 591 2902 πόλιν
600 2853 726 2916 συζυγίαν
736 2853 829 2915 hesperu
839 2851 1003 2916 Δὺτογενυῢς
1013 2854 1060 2902 καί
1073 2849 1229 2917 Ἀληθείας.
1243 2890 1249 2902 .
1259 2889 1264 2903 .
1274 2889 1280 2902 .

252 3056 294 3121 (r)
311 3053 417 3106 Lacuna
428 3054 470 3107 hic
480 3067 518 3108 est
532 3055 559 3107 in
570 3066 643 3108 textu
652 3054 720 3108 iren.
776 3053 879 3106 Aeonia
890 3054 950 3116 Zoe,
960 3053 1133 3123 Monogenes,
1142 3052 1282 3118 TheIemn,

215 3155 247 3190 ex
263 3153 315 3208 quo
329 3137 396 3191 nihii
411 3139 443 3192 de
461 3139 565 3210 origine
583 3139 720 3210 insequen-
774 3137 858 3204 Nous,
886 3138 984 3210 Logos)
1010 3136 1123 3208 perfecta
1146 3151 1184 3190 est
1203 3149 1229 3192 et
1248 3155 1280 3192 ex

214 3222 248 3274 tis
263 3220 426 3276 Thelematis
445 3222 540 3293 attingi
559 3235 655 3293 potest.
689 3223 720 3276 In
774 3223 939 3294 singulorum
961 3221 1189 3292 coniugationibus
1214 3221 1279 3275 frunt

215 3321 278 3360 mss.
298 3319 387 3360 autem
411 3308 503 3360 lacuna
524 3309 559 3360 ita
584 3307 719 3378 impletur:
774 3306 911 3360 inferiores
932 3307 1053 3360 Aeones:
1075 3309 1228 3376 praesertim
1248 3325 1280 3362 ex

217 3393 407 3447 «Desiderium
426 3391 462 3462 (T
464 3393 581 3461 helema)
599 3393 720 3464 concepit
773 3390 877 3444 Ennoia
892 3403 918 3444 et
933 3391 1008 3462 Logo
1026 3391 1143 3461 procedit
1162 3393 1280 3464 Autoge·

218 3479 380 3532 «invisibilis
405 3479 485 3532 Pater
511 3495 577 3548 opus
607 3477 719 3547 operari.
774 3493 821 3529 nes
840 3477 872 3530 de
887 3493 940 3546 quo
958 3476 1085 3546 scripturn
1103 3476 1230 3546 legimus:

218 3563 324 3616 «Asuo
339 3562 469 3616 desiderio
482 3561 580 3616 sactum
592 3573 631 3614 est
644 3559 719 3632 Opus
810 3563 851 3631 (2)
874 3561 986 3625 «Quem
999 3561 1054 3632 ipse
1066 3579 1166 3632 magno
1178 3562 1281 3616 honore

217 3659 266 3701 «et
294 3649 421 3702 revelavit
449 3664 478 3702 se
508 3647 631 3718 stetitque
658 3663 719 3700 curn
776 3644 995 3711 «honorificavit,
1021 3645 1147 3717 quoniam
1174 3647 1217 3700 hic
1247 3664 1279 3700 er

218 3733 314 3786 «Nous
345 3744 371 3786 et
401 3733 514 3786 Lumine
542 3744 569 3786 et
596 3732 719 3785 laudave-
777 3746 848 3782 nsua
866 3729 952 3800 prima
976 3730 1078 3783 Ennoia
1103 3731 1208 3801 genitus
1230 3743 1280 3784 est.

218 3830 302 3870 urunt
329 3833 391 3870 eum
408 3837 434 3870 a.
472 3817 562 3888 [Seqq.
586 3816 718 3872 contrahit
776 3812 876 3866 «Hunc
894 3814 975 3885 igitur
993 3815 1134 3868 Invisibilis
1148 3827 1177 3868 ut
1192 3813 1278 3868 Deum

213 3901 718 3973 Schmidt]:ThelemaLogosinsequi·
776 3898 985 3969 «superomnia
1007 3899 1152 3953 constituit.
1191 3899 1279 3954 Verax

213 3997 315 4056 tur‚per
325 4001 404 4057 quem
413 3985 534 4039 Christus
543 3996 638 4038 cuncta
647 4001 719 4039 crea·
775 3981 870 4036 «Deus
890 3983 961 4036 dedit
980 3983 1018 4036 itti
1037 3999 1145 4037 omnem
1165 3996 1279 4054 potesta·

211 4071 259 4124 rit.
301 4070 364 4134 Quo
385 4069 455 4124 sacto
473 4071 591 4141 superior
609 4068 718 4141 Ogdoas
776 4067 986 4138 ‹rtem,secitque
998 4069 1036 4121 illi
1049 4069 1181 4122 subditam
1194 4069 1278 4139 ipsam

212 4157 317 4225 (reapse
347 4155 426 4209 decas
456 4154 555 4224 [Pater,
585 4153 717 4222 Barbelo]‚
776 4153 947 4207 «Veritatem
962 4170 1029 4224 quae
1044 4154 1071 4206 in
1087 4170 1119 4208 eo
1132 4166 1179 4217 est,
1193 4166 1221 4208 ut
1234 4155 1279 4210 ille

212 4237 324 4304 Ennoia‚
358 4239 510 4311 Prognosis,
547 4239 717 4310 Aphtharsia,
776 4257 789 4288 u
799 4251 893 4291 cuncta
908 4237 1055 4291 consideret
1065 4257 1091 4290 υ.
