3230 5062
194 473 228 539 (Ι,
247 471 372 541 10-11).]
619 472 711 519 LIBER
733 472 847 518 PRIMUS
1204 473 1262 540 115

195 665 290 753 Opus
314 665 480 731 eratenim
504 664 629 730 animali
647 661 847 731 sensibilibus
869 664 1050 753 disciplinis.
1098 664 1153 732 Ob
1171 689 1266 755 quam

194 795 323 838 causam
343 790 375 840 et
398 771 558 838 mundum
582 770 767 839 fabricatum
790 795 859 840 esse
880 773 998 854 dicunt,
1017 791 1048 840 et
1071 774 1265 842 Salvatorem

195 895 302 944 autem
325 877 364 945 ad
387 877 448 946 hoc
472 879 597 946 venisse
620 879 764 961 animale,
787 880 859 968 quia
879 903 952 947 suae
976 881 1136 968 potestatis
1160 883 1216 964 est,
1232 885 1267 949 ut

195 985 226 1052 id
251 984 359 1052 salvet.
415 985 509 1066 Quae
533 985 659 1051 enim(¹)
681 984 855 1052 salvaturus
880 1002 956 1068 erat,
979 1009 1090 1054 eorum
1115 989 1267 1077 primitias

195 1115 271 1158 eum
289 1093 465 1181 suscepisse
480 1091 602 1159 dicunt:
615 1089 654 1158 ab
666 1091 846 1158 Achamoth
862 1093 989 1182 quidem
1006 1095 1152 1181 spiritale,
1171 1096 1268 1161 aDe-

197 1202 324 1288 miurgo
338 1216 443 1266 autem
459 1198 643 1266 indutuml²l
658 1199 843 1287 psychicum
856 1198 902 1284 <id
917 1218 963 1266 est
979 1202 1162 1288 animalem>
1174 1202 1267 1268 Chri-

197 1324 294 1388 stum,
313 1328 330 1371 a
353 1304 601 1393 dispositiones)
624 1321 729 1371 autern
754 1305 981 1372 circumdatum
1006 1329 1129 1394 corpus,
1148 1307 1268 1373 anima-

196 1413 261 1480 lem
284 1410 401 1478 habens
421 1412 637 1492 substantiam,
656 1428 798 1500 paratum
818 1435 894 1478 vero
908 1412 1115 1488 inenarrabili
1139 1430 1213 1496 arte,
1233 1430 1267 1479 ut

196 1533 227 1582 et
248 1517 379 1599 sisibile,
395 1533 425 1583 et
449 1515 612 1605 palpabile,
636 1533 667 1583 et
683 1515 827 1604 passibile
850 1517 947 1584 lieret.
993 1515 1032 1584 Et
1055 1517 1196 1606 hylicum
1213 1541 1268 1584 au-

196 1643 263 1692 tern
282 1624 510 1692 nihilomnino
527 1626 678 1713 suscepit:
695 1647 760 1692 non
775 1627 862 1691 enim
877 1649 945 1692 esse
961 1626 1102 1713 hylicum
1122 1649 1266 1714 capacem

196 1731 316 1798 salutis.
374 1731 697 1798 consummationem
723 1754 801 1798 vero
817 1731 964 1814 futuram,
979 1756 1078 1822 quum
1095 1731 1266 1800 formatum

196 1949 256 2030 γὰρ
278 1953 320 2029 τῷ
343 1946 465 2030 ψυχικῷ
489 1947 543 2010 καὶ
565 1944 719 2031 αἰσθητῶν
740 1946 956 2031 παιδευμάτων.
1005 1946 1059 2011 Διὸ
1081 1950 1134 2011 καὶ
1155 1948 1270 2032 κόσμον

196 2052 445 2116 κατεσκευάσθαι
459 2050 594 2138 λέγουσι,
606 2055 659 2116 καὶ
674 2056 724 2116 τὸν
740 2052 870 2138 Σωτῆρα
887 2055 921 2117 δέ
937 2053 1087 2118 ἐπὶτοῦτο
1101 2077 1269 2140 παραγεγο-

196 2158 278 2222 νέναι
300 2163 335 2223 τὸ
356 2159 496 2245 ψυχικὸν,
520 2159 587 2223 ἐπεὶ
610 2161 663 2222 καὶ
680 2157 870 2237 αὐτεξούσιόν
883 2161 973 2239 ἐστιν,
989 2163 1070 2238 ὅπως
1084 2163 1157 2226 αὐτὸ
1172 2161 1269 2247 σώσῃ.

196 2265 258 2330 Ὧν
280 2269 339 2351 γὰρ
366 2266 478 2352 ἔμελλε
511 2264 629 2349 σώζειν,
659 2269 713 2344 τὰς
743 2269 885 2352 ἀπαρχὰς
916 2269 1006 2331 αὐτὸν
1034 2267 1186 2352 εἰληφέναι
1215 2270 1269 2352 pia·

197 2391 333 2455 σκουσιν,
356 2374 418 2437 ἀπὸ
441 2374 496 2456 μὲν
519 2382 572 2457 της
605 2371 763 2456 Ἀκαμὼθ
784 2377 818 2437 τὸ
840 2377 1050 2458 πνευματικὸν,
1078 2375 1138 2438 ἀπὸ
1161 2374 1194 2438 δὲ
1217 2383 1269 2440 τοῦ

197 2479 389 2566 Δημιουργυῦ
412 2479 593 2545 ἐνδεδέσθαι
611 2483 662 2544 τὸν
685 2480 815 2566 ψυχικὸν
837 2480 979 2566 Χριστὸν,
996 2483 1056 2545 ἀπὸ
1075 2482 1109 2546 δὲ
1124 2492 1176 2566 της
1190 2483 1270 2546 οἰκο-

196 2586 302 2671 νομίας
317 2586 546 2672 περιωθεῖσθαι
568 2596 658 2672 σῶμα
680 2587 813 2673 ψυχικὴν
835 2587 908 2671 έχσν
931 2587 1043 2671 οὐσίαν,
1066 2610 1270 2654 κατεσκευασ-

198 2691 289 2778 μένον
311 2693 344 2756 δὲ
367 2693 487 2778 ἀῤῥήτιμ
520 2692 623 2778 τέχνη,
647 2695 722 2778 πρὸς
742 2697 777 2758 τὸ
799 2695 853 2757 καὶ
879 2694 986 2780 ὁρατὸν
1012 2695 1066 2758 καὶ
1093 2695 1270 2780 ψηλαφητέν

197 2800 251 2862 καὶ
272 2799 412 2884 παθητὸν
439 2797 602 2884 γενέσθαι·
648 2802 701 2862 καὶ
730 2799 834 2863 ὑλικὸν
861 2800 894 2862 δὲ
922 2797 986 2863 οὐδ’
997 2800 1096 2865 ὁτιοῦν
1118 2800 1271 2885 εἰληφέναι

197 2903 338 2990 λέγωσιν
353 2906 461 2970 αὐτόν·
477 2909 519 2991 μὴ
534 2909 593 2990 γὰρ
609 2907 681 2970 εἶναι
696 2908 750 2990 την
763 2906 837 2990 ὓλην
849 2905 990 2989 δεκτικὴν
1002 2907 1157 2991 σωτηρίας.
1205 2907 1271 2990 Τὴν

197 3013 231 3075 δὲ
245 3012 418 3078 συντέλειαν
438 3014 576 3093 ἔσεσθαι,
591 3013 662 3075 ὅταν
682 3012 829 3097 μορφωθῇ
849 3013 901 3076 καὶ
919 3012 1069 3097 τελειωθῇ
1085 3011 1194 3098 γνώσει
1210 3022 1268 3076 πᾶν

236 3186 389 3259 (1)Nempe
398 3188 560 3241 substantiae
570 3187 709 3241 hominum
765 3187 831 3252 nuit,
850 3207 876 3240 v.
897 3206 922 3258 g.
942 3187 1001 3252 Vll,
1021 3204 1050 3242 2:
1077 3200 1103 3242 at
1125 3205 1180 3241 non
1208 3189 1271 3242 satis

200 3273 232 3325 de
243 3273 336 3342 quibus
344 3289 368 3343 p.
380 3288 425 3326 111
436 3289 507 3344 sq.n
522 3288 545 3342 3,
555 3285 673 3343 excepta,
682 3283 710 3324 ut
765 3271 895 3325 distinctis
909 3271 1033 3326 fontibus.
1070 3272 1191 3326 Fortasse
1206 3273 1271 3327 haec

200 3357 310 3422 dicetur,
319 3355 406 3427 hylica.
442 3356 508 3426 (Cir.
517 3369 544 3410 et
554 3356 637 3420 Pistr's,
648 3374 674 3427 p.
686 3356 711 3420 8,
766 3355 819 3424 (Ob
831 3373 906 3428 quam
925 3373 1026 3410 causam
1042 3373 1124 3428 usque
1139 3357 1172 3410 ad
1187 3365 1270 3411 semet·

205 3456 245 3509 17,
258 3455 291 3509 77
304 3444 376 3510 etc).
402 3440 456 3497 Clr.
471 3459 531 3495 cum
545 3442 585 3495 his
599 3458 621 3494 c.
632 3441 655 3493 11
665 3439 710 3494 fin.
766 3443 831 3512 ipsos
840 3441 939 3508 dicunt)
954 3442 1132 3512 parenthesim
1143 3441 1269 3508 efficiunt,

238 3527 279 3594 (2)
295 3525 424 3579 Subaudi:
442 3542 500 3578 esse.
765 3541 832 3595 quae
847 3523 980 3596 perficitur
998 3542 1030 3578 ex
1049 3525 1083 3590 V,
1103 3525 1239 3592 2-5;vl1,
1258 3541 1267 3578 1

236 3611 278 3677 (3)
291 3610 309 3662 1.
317 3610 543 3682 e.dispensatione
549 3610 711 3679 (οἰκονομία)
768 3607 868 3678 (Quum
887 3616 968 3662 aulem
981 3613 1101 3663 -utiam
1115 3627 1163 3663 non
1182 3612 1226 3678 rit)
1245 3622 1271 3662 et

202 3710 254 3764 quo
267 3695 376 3748 nomine
388 3693 497 3748 Graecis
511 3696 584 3749 venit
601 3695 712 3748 «Incar-
766 3694 879 3747 innuunt
894 3695 1048 3765 opinionem
1070 3713 1084 3748 a
1107 3697 1200 3750 ceteris
1224 3695 1272 3748 hu·

206 3777 338 3832 «natio».
383 3778 438 3832 Cfr.
467 3777 528 3832 Exc.
562 3779 651 3832 llaeod.
681 3793 712 3849 59
767 3777 807 3829 ius
830 3778 955 3831 sectionis
974 3778 1090 3848 partibus
1111 3780 1271 3832 distinctam.

202 3875 228 3915 et
242 3861 285 3915 62.
295 3861 473 3917 -Valentini
494 3864 654 3918 docetismus
667 3881 712 3934 pa·
767 3861 834 3914 Hinc
848 3863 928 3915 etiarn
940 3863 1019 3916 habes
1029 3863 1167 3916 curTenr.
1178 3863 1272 3916 dixerit

203 3957 243 3998 tet
261 3946 341 4000 etiarn
354 3964 387 4000 ex
400 3945 495 4019 fragm.
509 3947 585 4018 epist.
598 3949 631 4001 ad
640 3949 711 4019 Aga·
767 3947 802 4014 (c.
810 3945 857 4014 26)
865 3961 893 4000 se
903 3947 960 4000 heic
970 3965 1000 3999 ex
1013 3947 1122 4018 disperso
1133 3948 1270 4017 colligere:

202 4031 315 4101 thopum
324 4031 430 4101 (δίπουν.
441 4031 538 4100 lll,8):
551 4033 584 4086 de
599 4032 712 4103 discipu·
766 4046 871 4100 nempe,
879 4031 916 4084 uti
924 4031 1035 4096 videtur,
1044 4047 1077 4084 ex
1084 4031 1134 4084 hoc
1143 4029 1273 4101 cap.Vl,r;

203 4116 290 4168 lorum
306 4117 493 4170 controversiis
511 4116 556 4169 cfr.
567 4115 712 4182 Philocli,
766 4132 798 4168 ex
811 4114 871 4180 Vll,
886 4129 949 4184 3-43
963 4115 1022 4180 VII,
1036 4131 1063 4180 2;
1075 4114 1124 4168 VII
1137 4114 1181 4168 lin.
1219 4112 1273 4168 Cfr.

205 4211 251 4268 35;
267 4199 403 4271 lren.ipse
424 4199 491 4253 alias
514 4201 653 4270 opiniones
673 4199 712 4252 in·
766 4199 894 4254 litaturum
921 4199 974 4252 Val.
1001 4199 1102 4264 Gnosis,
1123 4217 1147 4271 p.
1163 4200 1197 4270 89
1216 4216 1272 4270 sqq.
