3288 5060
247 454 369 523 (xxvll,
393 456 474 525 μοι]
669 460 759 506 arsen
782 459 896 506 paruus
1250 439 1309 524 283

244 649 343 718 adstat
367 651 552 740 Monogeni,
576 654 728 718 emissum
748 652 855 720 dicunt
875 653 1024 741 Spiritum
1044 670 1198 732 sanctum,
1217 675 1312 741 quem

241 775 275 823 et
298 757 460 846 Sophiam,
484 774 514 824 et
531 758 700 825 Prunicum
717 775 840 825 vocant.
852 760 885 812 (¹)
931 759 1023 825 Hunc
1040 759 1134 846 igitur
1152 759 1309 826 videntem

242 863 360 952 reliqua
379 865 485 930 omnia
505 866 761 954 coniugationem
780 863 934 946 habentia,
949 889 982 932 se
997 881 1101 932 autem
1119 867 1185 932 sine
1201 867 1311 932 coniu-

242 971 377 1058 gatione,
400 973 569 1059 quaesiisse
593 972 641 1038 cui
674 971 875 1039 adunaretur:
893 988 922 1036 et
937 994 1036 1058 quum
1060 993 1125 1037 non
1144 971 1308 1050 inveniret,

241 1074 435 1143 asseverabat
446 1077 479 1130 (²)
502 1093 532 1144 et
556 1075 786 1158 extendebatur,
810 1095 839 1144 et
864 1075 1070 1167 prospiciebat
1088 1076 1125 1144 ad
1145 1075 1308 1142 inferiores

241 1199 352 1268 partes,
376 1199 487 1270 putans
519 1182 568 1248 hic
599 1184 738 1250 iuvenire
767 1183 954 1270 coniugem:
986 1197 1016 1248 et
1046 1205 1111 1248 non
1135 1183 1307 1262 inveniens

240 1289 353 1354 exsiliit
370 1288 500 1356 taediata
519 1311 655 1378 quoque,
675 1290 824 1377 quoniam
845 1290 911 1355 sine
931 1287 1012 1355 bona
1031 1289 1191 1355 voluntate
1208 1289 1307 1355 Patris

239 1396 392 1482 impetum
417 1394 540 1462 lecerat.
588 1397 664 1462 Post
687 1395 798 1464 deinde
829 1396 1027 1484 simplicitate
1058 1411 1088 1461 et
1118 1393 1306 1482 benignitate

238 1517 305 1568 acta
327 1503 485 1590 generavit
501 1493 590 1592 opu's,
608 1505 640 1569 in
658 1525 722 1590 quo
739 1520 802 1569 erat
818 1504 992 1590 ignorantia
1007 1518 1037 1568 et
1053 1502 1189 1568 audacia.
1236 1503 1305 1569 Hoc

237 1623 342 1674 autem
374 1631 452 1696 opus
476 1610 544 1674 eius
571 1632 639 1674 esse
669 1608 917 1675 Proarchoutem
940 1609 1058 1688 dicunt,
1087 1606 1305 1677 fabricatorem

238 1714 426 1781 conditionis
456 1715 566 1782 huius:
599 1716 792 1782 virtutemu)
822 1732 927 1782 autem
959 1739 1107 1804 magnam
1142 1713 1305 1783 abstulisse

237 1844 309 1886 eum
333 1845 351 1888 a
374 1839 473 1888 matre
497 1839 632 1903 narrant,
662 1839 693 1888 et
723 1820 876 1889 abstitisse
906 1820 943 1888 ab
975 1845 1010 1888 ea
1037 1824 1068 1889 in
1093 1821 1249 1904 inferiora,
1274 1839 1304 1889 et

234 2035 250 2084 ὅ
269 2031 368 2104 Σοφίαν
386 2038 433 2087 καί
451 2037 597 2104 Προύνικον
615 2039 839 2103 προσηγόριυοοιν.
877 2038 981 2103 Ταύτην
1001 2033 1080 2102 φασίν
1161 2039 1303 2107 ἐφιεμένην

235 2125 367 2190 ὁρόζυγος
447 2127 525 2190 ἔργον
544 2127 704 2192 ἀποκυῆσαι,
723 2128 752 2178 ἐν
771 2129 793 2192 ip
811 2129 844 2192 ἠν
864 2127 980 2191 Ἀγνοια
997 2130 1043 2176 και
1063 2127 1215 2178 audetne·
1228 2129 1258 2178 τὸ
1271 2128 1302 2178 δὲ

234 2215 313 2280 ἔργον
332 2213 409 2265 τοῦτο
425 2215 621 2284 Πρωτορχοντα
632 2216 754 2279 καλοῦσι,
766 2218 813 2266 καί
825 2217 905 2266 αὐτὸν
922 2219 988 2266 εἶναι
1000 2215 1109 2281 λέγουσι
1123 2221 1171 2282 τῆς
1189 2218 1302 2278 κτίσεως

269 2413 311 2480 (ι)
331 2413 459 2466 Prunicus
482 2413 585 2481 (Eeu‘u.
612 2428 654 2480 25,
673 2417 702 2480 4)
722 2439 739 2459 =

234 2508 319 2549 tactus
347 2498 460 2550 sexualis
489 2497 516 2568 [a
544 2499 737 2570 ιιροένογιιιιν]ι

233 2581 352 2634 hiscite
379 2581 561 2636 Douscuuerz
585 2581 737 2652 (Christusb.

232 2683 254 2717 c.
266 2663 302 2718 Vl
313 2679 338 2719 et
349 2684 373 2736 p.
386 2681 415 2733 25
424 2665 461 2734 ι’)
472 2667 658 2722 animadvertit
669 2669 737 2739 apud

234 2747 297 2802 Cels.
312 2749 358 2816 VI,
379 2765 420 2819 34,
441 2765 470 2818 35
492 2768 539 2822 per
557 2753 737 2806 hemorrhois·

231 2851 289 2887 sam
301 2834 444 2906 significari
454 2836 528 2888 cuius
537 2853 636 2890 nomen
650 2841 736 2910 B(e)p-

232 2918 295 2986 νίκη
310 2918 400 2986 (Hom.
417 2917 496 2972 Clem.
514 2919 560 2982 llI,
576 2935 607 2988 73
619 2924 674 2991 gr.)
694 2923 737 2975 vel

230 3002 383 3074 superui]
395 3002 456 3070 (Eu.
471 3003 560 3058 Nicod.
573 3009 601 3073 7)
614 3005 736 3058 traditur.

265 3087 307 3155 (2)
329 3085 430 3141 Graece
459 3087 535 3141 fuerit
559 3089 735 3158 διισχυρίζετο

228 3175 275 3222 καὶ
295 3174 433 3225 tutelstete
452 3173 470 3226 i.
491 3189 526 3226 e.:
550 3173 678 3244 impetum
697 3174 735 3228 f-

228 3254 300 3308 ciens
327 3256 517 3310 extendebatur
541 3259 574 3311 ad
603 3259 734 3328 inferiores

227 3351 314 3408 partes
342 3343 446 3404 (contra
475 3341 501 3395 id
529 3344 599 3414 quod
627 3343 732 3398 Valent.

227 3423 325 3492 docet).
362 3423 434 3478 Haec
459 3426 538 3479 verba
567 3426 732 3482 «inferiores

227 3519 339 3576 partes»
361 3509 439 3562 unica
463 3521 524 3562 aunt
550 3511 663 3581 quaein
682 3511 731 3564 hac

226 3592 356 3644 sententia
378 3591 466 3646 Chaos
490 3594 614 3648 innuant:
636 3596 731 3648 transi-

225 3684 267 3728 tus
283 3675 315 3728 ad
333 3676 390 3729 illas
404 3677 567 3730 necessarius
581 3677 629 3731 fuit
644 3689 672 3730 ut
687 3697 732 3732 ex-

224 3771 366 3829 poneretur
389 3762 524 3832 quomodo
544 3761 641 3833 Sophia
666 3763 731 3817 haec

223 3859 256 3896 ex
268 3843 344 3897 Chao
363 3857 389 3898 et
408 3861 441 3898 ex
463 3845 561 3917 Spiritu
584 3847 730 3919 participet.

222 3926 356 3998 Siquidem
366 3929 604 4000 Sophia-Pmnicos
614 3931 655 3985 his
664 3949 730 4004 gno·

222 4011 294 4065 stitis
313 4024 352 4066 est
372 4014 501 4068 terminus
520 4016 621 4070 medius
636 4020 677 4080 (ut
701 4018 729 4070 in

222 4095 325 4168 hymno
347 4097 509 4153 Naassenico
528 4099 632 4171 Psyche)
651 4102 729 4172 quia

221 4180 334 4234 materia
363 4182 468 4237 liberari
499 4199 545 4255 per
571 4187 728 4240 secretionem

792 2415 904 2483 quaerit,
923 2425 1001 2484 atque
1024 2414 1059 2466 ita
1079 2414 1155 2467 rebus
1177 2415 1300 2467 materia-

792 2497 858 2550 libus
877 2498 922 2550 dat
937 2499 1078 2570 originem,
1089 2515 1201 2569 quarum
1214 2499 1299 2568 prima

792 2582 944 2637 Proarchon
958 2585 1014 2650 (seu
1026 2583 1197 2654 Demiurgus)
1210 2584 1237 2636 in
1248 2600 1300 2654 quo

791 2667 888 2738 duplex
912 2669 1007 2720 harum
1031 2685 1119 2720 rerum
1141 2669 1299 2739 principium

790 2765 844 2805 est:
857 2753 1007 2824 ignorantia
1018 2769 1049 2805 ex
1060 2769 1111 2823 qua
1122 2769 1163 2806 res
1173 2765 1299 2818 terrenas,

790 2837 900 2890 audacia
920 2855 952 2890 ex
970 2853 1020 2907 qua
1041 2837 1142 2889 malum
1169 2853 1250 2890 omne
1270 2849 1298 2889 ut

790 2922 850 2974 tale.
888 2921 955 2988 (Cir.
974 2922 1090 2976 Ptousa.
1108 2921 1138 2976 C.
1155 2921 1241 2976 Gnosi.
1256 2937 1296 2986 ιι,

788 3005 856 3072 fin).
870 3006 981 3060 Caetera
988 3019 1078 3060 autem
1086 3007 1112 3059 in
1120 3007 1169 3060 hac
1177 3007 1296 3060 doctrina

788 3089 954 3161 ignorantur,
972 3107 1058 3162 neque
1077 3109 1109 3144 ex
1129 3089 1176 3146 Eu.
1193 3091 1295 3144 Mariae

788 3174 898 3245 aliisque
921 3175 1082 3240 huiusmodi,
1106 3175 1201 3246 quippe
1228 3191 1295 3246 quae

787 3259 872 3320 adhuc
899 3261 999 3313 inedita
1026 3260 1088 3325 sint,
1112 3261 1140 3314 in
1164 3261 1294 3330 praesenti

787 3344 901 3414 suppleri
920 3357 1038 3414 possunt.
1075 3343 1108 3397 V.
1126 3356 1182 3397 not.
1202 3361 1255 3416 seq.

822 3428 864 3497 (3)
884 3427 1005 3482 Fortasse
1020 3428 1097 3483 οῦοὶα
1112 3445 1157 3483 seu
1172 3430 1293 3483 substan-

784 3515 821 3567 tia
841 3515 1010 3588 [materialis]
1031 3535 1063 3572 ex
1087 3535 1137 3590 qua
1166 3519 1292 3572 mundum

785 3611 850 3652 erat.
899 3601 955 3654 latu
975 3603 1091 3656 diximus
1109 3602 1243 3656 creatione
1263 3603 1293 3656 li-

787 3683 887 3738 beratio
900 3685 1013 3756 Sophiae
1026 3687 1154 3750 inchoari,
1167 3704 1234 3758 quae
1248 3705 1294 3758 per

785 3785 938 3838 processum
953 3771 1133 3824 evacuationis
1157 3772 1292 3824 cuiusdam

784 3852 920 3920 (κένωσις)
940 3854 973 3906 ad
992 3855 1156 3924 spiritualem
1169 3867 1293 3908 naturam

785 3936 906 4007 assurgit.
957 3937 987 3990 ld
1006 3954 1059 4008 seq.
1083 3955 1140 4009 cap.
1161 3939 1248 4009 magis
1266 3956 1292 3992 e-

784 4021 915 4086 volvetur,
936 4021 963 4074 in
981 4040 1034 4092 quo
1049 4025 1077 4090 (a
1093 4023 1107 4092 §
1123 4021 1139 4076 6
1155 4024 1291 4093 deinceps)

783 4117 870 4158 cetera
889 4121 956 4176 quae
975 4107 1017 4160 hic
1036 4108 1218 4162 desiderantur
1239 4107 1291 4161 for·

782 4201 853 4243 tasse
870 4190 1009 4245 habentur.
