3238 5090
362 483 428 546 410
609 483 740 531 lustraret
758 485 920 532 novensus
939 485 1094 531 naereses
1258 483 1355 552 [XXIL
1379 481 1431 550 5-6

360 678 444 746 ditur
468 702 567 767 usque
590 677 628 746 ad
648 679 924 768 quadragesimum
943 703 1073 764 aunum,
1088 681 1194 747 omnis
1209 679 1339 768 quilibet
1355 705 1435 747 con-

360 783 514 866 fitebitur3
545 809 563 851 a
595 785 836 874 quadragesimo
864 803 970 852 autem
1001 803 1031 852 et
1060 787 1321 874 quinquagesimo
1347 811 1434 854 anuo

361 891 494 960 declinat
517 894 580 960 iam
604 895 637 959 ln
660 910 793 960 aetatem
817 896 987 976 seniorem,
1010 917 1106 982 quarn
1129 893 1248 960 habens
1270 895 1434 961 Dominus

362 1017 471 1066 noster
482 998 622 1080 docebat,
634 1001 715 1066 sicut
727 1001 933 1089 Evangelium
948 1017 978 1068 et
990 1023 1103 1068 omnes
1118 1003 1257 1068 seniores
1269 1018 1433 1083 testantur,

363 1107 415 1196 qui
432 1108 464 1172 in
480 1107 554 1172 Asia
570 1105 650 1193 apud
665 1105 839 1173 Iohannem
853 1107 1041 1196 discipulum
1057 1108 1190 1174 Domini
1205 1127 1434 1192 convenerunt,

363 1214 394 1281 id
414 1215 518 1301 ipsum
536 1210 699 1280 tradidisse
717 1215 761 1280 eis
776 1214 959 1281 Iohannem.
972 1215 1005 1269 (ί)
1040 1217 1218 1283 Permansit
1233 1235 1337 1283 autem
1357 1240 1433 1284 cum

364 1323 409 1388 eis
434 1344 531 1410 usque
550 1320 587 1388 ad
605 1319 735 1388 Traiani
753 1339 907 1414 tempora.
954 1321 1095 1405 Quidam
1113 1339 1217 1390 autem
1235 1347 1347 1390 eorum
1366 1345 1434 1388 non

365 1428 469 1494 solum
493 1427 678 1509 Iohannem,
702 1428 755 1494 sed
781 1446 811 1494 et
834 1428 913 1494 alios
936 1429 1097 1518 apostolos
1123 1427 1279 1511 viderunt,
1306 1445 1336 1495 et
1356 1429 1435 1494 haec

364 1535 472 1602 eadem
501 1533 538 1602 ab
562 1537 637 1623 ipsis
661 1537 834 1618 audierunt,
858 1555 889 1604 et
912 1553 1064 1603 testantur
1086 1533 1125 1604 de
1149 1536 1330 1603 huiusmodi
1354 1537 1437 1602 rela-

363 1700 416 1762 καὶ
446 1698 555 1776 πάντες
578 1697 605 1761 οἱ
627 1699 820 1783 πρεσβύτεροι
849 1706 1046 1784 μαρτυροῦσιν
1070 1699 1097 1761 οἱ
1127 1701 1207 1762 κατὰ
1236 1701 1289 1781 τὴν
1320 1695 1435 1762 Ἀσίαν

365 1805 491 1890 Ἰωάννῃ
506 1813 548 1890 τῷ
566 1815 619 1869 τοῦ
639 1805 751 1890 Κυρίου
772 1805 896 1890 μαθητῇ
914 1803 1165 1890 συμβεβληκότες,
1185 1803 1434 1890 παραδεδωκέναι

313 1929 314 1932 ’
365 1922 459 1976 ταῦτα
474 1915 525 1976 τὸν
541 1909 693 1997 Ἰωάννην.
741 1909 909 1996 Παρὲμεινε
924 1915 983 1997 γὰρ
996 1913 1095 1988 αὐτοῖς
1112 1909 1200 1997 μέχρι
1212 1921 1270 1975 τῶν
1283 1911 1437 1996 Τραϊανοῦ

366 2018 491 2104 χρόνων.

367 2197 488 2250 Christus
512 2196 615 2249 oblatus
638 2207 677 2250 est
703 2199 775 2250 iuxta
803 2197 871 2250 laen.

366 2280 417 2334 Sed
430 2281 567 2334 Hanunea
582 2281 622 2346 (in
635 2293 690 2336 not.
704 2299 729 2353 p.
745 2279 791 2346 62)
807 2281 872 2334 scite

368 2365 554 2419 animadvertit
574 2366 639 2418 alios
658 2366 734 2420 huius
753 2366 872 2419 traditio-

367 2451 407 2503 nis
426 2463 507 2503 testes
526 2451 641 2520 praecise
660 2467 731 2503 anno
748 2465 779 2516 41
801 2467 872 2503 mor-

366 2547 422 2587 tem
440 2535 551 2587 Domini
569 2535 745 2604 adscripsisse.
794 2535 871 2605 Apud

366 2618 438 2672 enim
452 2619 647 2684 Hunorrruu,
664 2618 760 2672 Comm.
775 2621 801 2671 in
817 2618 872 2672 Do·

366 2703 451 2755 arielem
471 2703 524 2770 (ed.
544 2703 713 2767 Bontvetsch
729 2721 753 2772 p.
772 2717 831 2768 242,
848 2719 872 2771 7,

365 2787 408 2840 ubi
435 2788 586 2840 versionem
614 2788 740 2840 slavicam
769 2800 795 2840 et
822 2805 871 2840 ms.

365 2872 470 2925 Athous
493 2873 654 2925 concordare
673 2872 802 2939 ostendit)
827 2889 873 2942 per

366 2957 600 3027 interpolationem
624 2973 709 3009 annus
728 2957 873 3010 consularis

367 3042 444 3094 huius
460 3055 570 3096 eventus
586 3042 681 3094 dicitur
695 3045 724 3096 Γ.
739 3045 873 3108 Καίσαρος

367 3131 398 3180 τὸ
408 3129 432 3180 δ’
445 3132 491 3180 καὶ
505 3127 608 3196 [Γαῖον]
622 3131 734 3180 Κεστίου
747 3128 810 3196 (leg.
821 3125 873 3180 Gn.

367 3211 471 3279 Sentii),
485 3210 501 3263 i.
515 3229 536 3264 e.
551 3228 574 3264 a.
588 3227 631 3276 41.
667 3211 768 3264 Eadem
781 3211 873 3282 proba-

368 3296 494 3348 bilissime
512 3295 643 3348 sententia
662 3295 763 3349 Irenaei
788 3295 872 3349 luerit.

370 3381 456 3448 (Zauu
482 3391 573 3433 tamen
601 3381 650 3433 loc.
680 3381 723 3433 cit.
747 3381 788 3433 his
819 3397 873 3432 non

369 3464 532 3534 acquiescit).
569 3463 651 3517 Porro
666 3465 692 3517 id
707 3464 802 3517 salsum
818 3481 874 3517 esse

369 3566 423 3600 raon
451 3560 555 3618 oportet
583 3549 742 3602 ostendere:
762 3548 874 3602 sufficiat

367 3631 482 3684 Pilatum
501 3649 531 3685 ea
550 3644 706 3702 tempestate
727 3633 755 3686 in
779 3633 874 3686 Iudaea

368 3731 534 3786 nequaquam
553 3715 639 3769 luisse.

402 3801 444 3868 (r)
456 3800 645 3870 Fragmentum
658 3801 718 3865 hoc,
728 3817 792 3854 sane
802 3817 875 3871 prae-

368 3885 483 3955 pruum,
493 3900 587 3954 graece
598 3884 726 3949 Euserio,
736 3885 804 3938 Hist.
820 3885 875 3938 eccl.

367 3969 596 4036 Ill,23debemus.
627 3968 802 4039 Evangelium
812 3986 876 4022 vero

367 4055 400 4106 ad
416 4053 486 4124 quod
501 4053 569 4106 Iren.
584 4054 697 4123 appellat
711 4071 767 4106 esse
786 4053 876 4124 nequit

367 4138 417 4190 nisi
433 4136 481 4190 Ev.
494 4137 630 4191 Iohannis.
667 4137 735 4190 Hinc
754 4137 876 4190 Harnack

364 4215 559 4270 incontinenter
573 4221 686 4275 affirmat
694 4233 828 4275 auctorem
839 4221 877 4274 IV

926 2195 1073 2266 Evangelii,
1092 2194 1159 2248 sicut
1177 2207 1202 2248 et
1218 2196 1386 2266 presbyteros
1403 2197 1438 2250 de

926 2280 1224 2352 supra-quadragenaria
1235 2293 1321 2334 aetate
1333 2280 1437 2334 Christi

925 2365 1016 2418 testari
1036 2382 1065 2418 ac
1088 2366 1165 2436 proin
1186 2366 1266 2436 longe
1289 2382 1304 2417 a
1323 2365 1437 2418 Domini

925 2450 1088 2520 temporibus
1098 2450 1195 2502 abesse.
1233 2448 1299 2517 (Cfr.
1314 2448 1436 2502 Claroual.

929 2548 975 2603 335
991 2547 1016 2586 et
1031 2533 1058 2587 in
1071 2547 1125 2587 not.
1140 2534 1172 2587 ad
1186 2535 1268 2587 Ἐπίδ.
1283 2549 1326 2601 74,
1338 2551 1362 2604 p.
1376 2534 1437 2596 62).

926 2619 1025 2672 Contra
1041 2620 1111 2671 hunc
1125 2619 1201 2671 Zmin
1221 2618 1337 2672 vindicat
1355 2619 1380 2671 id
1395 2619 1437 2671 ni-

926 2703 1009 2756 mium
1030 2704 1148 2773 probare,
1167 2719 1276 2774 nempe:
1293 2703 1373 2756 etiam
1393 2721 1437 2756 ce-

926 2799 997 2840 teros
1021 2789 1155 2857 apostolos
1180 2788 1301 2841 eamdem
1331 2788 1438 2858 opinio·

926 2889 989 2925 nem
1004 2871 1110 2934 fovisse,
1128 2889 1158 2924 ac
1178 2871 1253 2942 proin
1269 2872 1334 2924 nulli
1353 2871 1439 2926 fiden-

927 2957 999 3021 dum,
1019 2957 1114 3027 quippe
1133 2955 1278 3027 presbyteri
1296 2956 1439 3009 Irenaeum

927 3041 959 3094 de
981 3041 1074 3094 ceteris
1099 3040 1225 3109 apostolis
1243 3039 1279 3093 ita
1299 3040 1441 3094 sentienti-

927 3126 974 3178 bus
985 3126 1123 3178 certIorem
1137 3123 1267 3178 iaciebant
1278 3123 1335 3193 (cfr.
1349 3129 1439 3191 mox).

926 3209 1068 3279 Propterea
1083 3209 1267 3262 testimonium
1279 3225 1334 3262 non
1344 3220 1439 3262 exten-

927 3294 1043 3347 dendum
1063 3295 1095 3346 ad
1111 3308 1157 3346 xm
1172 3294 1227 3362 (vel
1246 3294 1336 3363 supra)
1351 3311 1440 3348 annos

928 3378 1035 3442 Christi,
1048 3378 1093 3431 sed
1107 3366 1318 3448 restringendum
1331 3395 1389 3431 esse
1404 3380 1439 3432 ad

928 3463 954 3515 id
974 3463 1042 3534 quod
1068 3461 1177 3515 Irenaeo
1199 3461 1366 3532 praecipuum
1386 3475 1440 3526 est,

928 3563 1025 3617 nempe
1043 3547 1189 3599 Dominum
1217 3547 1326 3617 triginta
1350 3563 1440 3600 annos

929 3633 1079 3696 excessisse,
1090 3631 1200 3701 ideoque
1212 3647 1267 3684 non
1276 3631 1329 3683 iam
1340 3631 1441 3694 iunior,

929 3717 975 3770 sed
993 3729 1019 3770 et
1044 3716 1131 3768 senior
1152 3727 1178 3769 et
1194 3715 1221 3769 in
1244 3727 1331 3768 aetate
1353 3717 1441 3786 magi-

930 3801 977 3854 stri
995 3801 1153 3854 constitutus
1168 3817 1253 3870 neque
1266 3817 1319 3852 uno
1331 3811 1441 3854 tantum

930 3903 1001 3938 anno
1016 3885 1188 3956 praedicasse.
1225 3883 1394 3954 (Forsclmag.
1417 3904 1441 3954 (-

932 3969 963 4025 G.
976 3969 1000 4023 d.
1015 3967 1076 4024 NT.
1090 3969 1155 4023 Kan.
1168 3967 1205 4021 Vl
1220 3968 1324 4038 [1900]‚
1338 3987 1365 4038 p.
1380 3967 1442 4037 63).

930 4053 981 4107 Sed
996 4053 1058 4125 quid
1077 4054 1099 4107 si
1118 4053 1183 4108 haec
1199 4053 1321 4106 Irenaeus
1336 4070 1392 4106 non
1407 4070 1442 4106 ex

931 4139 1017 4208 seipso
1041 4137 1145 4203 dixerit,
1164 4153 1256 4190 verum
1277 4153 1310 4190 ex
1334 4137 1442 4206 scriptis

931 4221 1026 4292 Papiae
1059 4223 1226 4294 excerpserit,
1261 4233 1352 4292 utpote
1386 4239 1444 4275 vox
