3230 5062
194 404 346 474 (t',1-3).]
621 405 710 451 tiana
736 405 849 451 paruus
1206 387 1263 450 161

195 596 361 665 visibiliter
373 599 405 663 in
417 619 472 663 eos
483 597 706 678 introeuntem,
727 618 781 684 per
795 618 890 686 quem
905 598 1032 663 Aeones
1045 595 1267 664 fructificarent

197 703 273 772 folia
288 704 437 772 veritatis.
445 702 478 757 (¹)
523 703 609 770 Haec
624 701 751 791 quidem
769 702 830 770 ille.

266 830 297 876 2.
321 809 428 901 [WH.
448 809 484 891 V,
508 808 553 900 2].
600 809 763 878 Secundus
785 826 891 876 autem
925 812 1061 900 primam
1090 809 1266 899 ogdoadem

196 920 242 984 sic
261 916 397 998 tradidit,
415 917 536 983 dicens:
555 917 826 1004 quatemationem
841 939 910 982 esse
924 914 1076 998 dextram,
1096 935 1127 983 et
1145 932 1269 1006 quater·
1333 967 1337 974 ·

196 1027 358 1092 nationem
385 1025 556 1104 sinistram,
579 1040 611 1089 et
633 1023 742 1089 lumen
765 1039 795 1089 et
818 1021 977 1104 tenebras3
1002 1039 1032 1090 et
1055 1022 1267 1092 discedentem

196 1149 303 1200 autem
337 1148 368 1198 et
397 1131 578 1198 destitutam
608 1131 768 1211 virtutem,
798 1152 864 1196 non
895 1151 913 1196 a
943 1131 1069 1218 triginta
1103 1130 1266 1197 Aeonibus

196 1237 273 1305 dicit
296 1238 401 1320 fuisse,
425 1236 516 1304 seda
539 1236 691 1304 smctibus
715 1237 883 1303 eorum.l²)

267 1366 296 1430 3.
320 1344 411 1412 Alius
434 1367 511 1410 vero
533 1342 673 1433 quidam,
696 1344 751 1431 qui
775 1360 805 1409 et
824 1344 926 1409 clarus
948 1361 996 1410 est
1015 1345 1164 1432 magister
1184 1347 1269 1432 ipso-

196 1475 282 1533 rum,
293 1451 327 1504 (³)
340 1453 373 1518 in
396 1452 499 1518 maius
522 1449 667 1531 sublime,
691 1467 720 1516 et
739 1452 828 1539 quasi
850 1453 883 1517 in
902 1453 1056 1518 maiorem
1075 1453 1268 1540 agnitionem

195 1615 249 1677 καὶ
272 1611 478 1697 καρποφορίαν
500 1620 558 1676 τῶν
581 1609 715 1695 Αἰώνων,
731 1610 865 1696 ἀοράτως
880 1612 921 1688 εἰς
935 1615 1043 1690 αὐτοὺς
1057 1610 1166 1677 εἰστὸν·
1182 1612 1221 1677 δι’
1234 1617 1268 1678 οὔ

196 1723 266 1796 τοὺς
290 1719 407 1796 Altinae
428 1727 630 1806 καρποφορεῖν
651 1721 689 1782 τὰ
711 1723 790 1802 φυτὰ
812 1728 865 1802 τῆς
887 1719 1044 1804 ἀληθείας.

266 1845 296 1891 2.
321 1827 487 1904 Σεκοῦνδος
510 1827 544 1890 δὲ
560 1824 628 1915 [τὴν
643 1823 763 1910 πρώτην
782 1825 914 1911 ὁγδοάδα
932 1830 1024 1904 οὓτως
1043 1827 1201 1915 παρέδωκε
1220 1828 1269 1894 λέ·

195 1933 273 2024 γων]
289 1935 417 2019 τετράδα
431 1936 506 2000 εἶναι
528 1933 628 2012 δεξιὰν
650 1935 702 1997 καὶ
724 1933 851 2018 τετράδα
873 1936 1040 2020 ἀριστερὰν,
1063 1937 1116 1998 καὶ
1133 1945 1195 2020 φῶς
1217 1938 1270 2000 καὶ

197 2041 323 2119 σκότος·
339 2044 392 2106 καὶ
406 2046 460 2126 τὴν
474 2044 651 2106 ἀποστᾶσαν
666 2041 699 2103 δὲ
713 2044 766 2105 καὶ
781 2040 989 2127 ὑστερήσασαν
1001 2042 1125 2129 δὺναμιν
1139 2045 1196 2106 οὐκ
1207 2045 1268 2107 ἀπὸ

197 2159 257 2213 τῶν
271 2148 430 2234 τριάκοντα
445 2147 567 2212 Abbius
583 2147 667 2232 λέγει
689 2149 885 2232 γεγενῆσθαι,
909 2149 979 2213 ἀλλ’
991 2152 1053 2214 ἀπὸ
1071 2159 1130 2214 τῶν
1144 2157 1270 2237 καρπῶν

197 2257 305 2320 αὐτῶν.

269 2380 297 2446 3.
321 2359 439 2436 Ἀλλος
458 2359 490 2424 δέ
509 2382 551 2437 τις
570 2357 601 2450 [b
618 2357 684 2448 καὶ]
709 2361 853 2445 ἐπιφανὴς
876 2361 1056 2438 διδάσκαλος
1075 2365 1172 2426 αὐτῶν
1193 2366 1197 2447 l
1218 2364 1269 2427 ἐπὶ

196 2472 231 2532 τὸ
254 2468 437 2554 ὑψηλότερον
458 2470 510 2533 καὶ
532 2466 773 2552 γνωστικώτερον
796 2468 1050 2553 ἐπεκτεινόμενος,
1073 2473 1127 2554 τὴν
1146 2470 1268 2556 πρώτην

233 2621 276 2687 (ι)
296 2618 367 2690 Lege
392 2635 424 2672 ex
449 2635 502 2690 gn:
525 2619 637 2690 plantus,
663 2619 705 2671 vel
761 2615 860 2670 Iustitia
882 2618 994 2689 scripsit,
1016 2635 1147 2690 quemque
1165 2630 1267 2689 patrem

197 2705 285 2774 stirpes
295 2703 421 2756 veritatis.
444 2703 491 2756 His
501 2704 621 2774 expletur
630 2703 705 2756 uber·
759 2707 808 2769 τῆς
820 2705 965 2770 μοναδικῆς
977 2705 1103 2768 γνώσεως
1112 2702 1192 2755 tradit
1208 2702 1268 2756 Cle·

198 2787 265 2840 rima
279 2787 370 2840 citatio
385 2787 566 2859 Epiplraniiss
583 2789 636 2857 33).
760 2803 837 2840 mens
856 2786 965 2854 (Strom.
990 2786 1036 2844 ΙΙΙ.
1060 2789 1102 2855 ο);
1123 2787 1168 2840 sed
1190 2787 1268 2840 obiici

232 2874 275 2940 (2)
295 2872 370 2925 Hanc
390 2873 526 2942 periodum
548 2889 642 2942 graece
661 2889 705 2926 ex·
760 2882 861 2941 potest:
880 2871 909 2937 a)
927 2871 987 2923 huic
1006 2872 1080 2924 locus
1099 2871 1186 2941 aptior
1201 2870 1268 2924 foret

198 2957 282 3010 actius
296 2973 376 3028 quam
395 2957 489 3009 Emit.
505 2956 617 3023 XXXII,
636 2973 646 3010 1
666 2975 705 3012 re·
760 2955 803 3008 ubi
823 2955 856 3008 de
871 2968 945 3026 patre
959 2967 985 3008 et
1004 2956 1037 3008 de
1056 2955 1211 3008 Marcellina
1230 2956 1268 3008 di-

199 3039 248 3094 fert
268 3041 342 3094 Ηῐνο.
359 3040 404 3106 Vl,
423 3041 454 3110 38
474 3058 506 3095 ex
522 3058 575 3112 quo
590 3042 705 3095 desumi·
760 3040 859 3110 scipula
875 3057 962 3093 sermo
975 3041 1038 3105 erit;
1054 3041 1081 3107 b)
1095 3041 1197 3093 indoles
1210 3040 1269 3093 libri

198 3137 250 3189 tur,
266 3127 355 3196 paucis
369 3126 493 3196 exceptis.
530 3125 570 3178 De
584 3126 706 3180 Secundo
760 3124 833 3177 cuius
852 3123 946 3194 fragm.
966 3135 991 3178 et
1007 3135 1195 3194 argumentum
1214 3124 1268 3177 late

199 3209 237 3262 nil
247 3210 316 3263 aliud
327 3211 574 3276 habemus3esdem
584 3211 705 3264 doctrina
760 3207 839 3261 refert
858 3208 983 3262 Clemens
1010 3225 1074 3260 sane
1102 3207 1170 3260 nihil
1188 3207 1268 3262 habet

199 3309 271 3347 aas.
287 3293 372 3347 Tam.
389 3293 456 3348 Ado.
472 3312 539 3348 omn.
560 3294 652 3347 haeres.
674 3309 705 3365 19
760 3292 881 3346 cumbis
903 3309 1059 3358 communc;
1089 3295 1114 3358 c)
1143 3291 1269 3346 Clemens

200 3377 224 3430 ci
238 3379 402 3433 adscribitur.
440 3378 493 3434 Csr.
506 3391 597 3432 tamen
605 3377 705 3450 fragm.
761 3377 815 3447 ipse
828 3377 926 3431 ibidem
939 3377 1016 3430 docet
1028 3376 1194 3448 Epiphanem
1210 3389 1268 3431 tan-

200 3461 335 3516 Basnmrs
358 3463 425 3534 apud
450 3463 613 3516 Hnotuourr
641 3463 706 3516 Acta
760 3473 818 3514 tum
837 3461 917 3514 decem
932 3467 955 3514 et
968 3467 1056 3532 septem
1070 3478 1155 3514 annos
1171 3461 1268 3515 vixisse

200 3546 320 3601 Archelai
338 3547 390 3618 [ed.
408 3547 519 3612 Beeson,
539 3565 563 3618 p.
583 3547 639 3618 9²l·
760 3547 881 3617 quamvis
901 3557 929 3598 ut
942 3545 1006 3598 deus
1022 3546 1049 3599 in
1065 3546 1146 3599 Samo
1164 3545 1268 3617 Cepha-

235 3633 277 3700 (3)
295 3632 363 3696 Quis
381 3632 414 3686 sit
431 3631 480 3685 iste
499 3631 583 3685 clarus
600 3633 706 3704 [ἐπιρα-
761 3632 833 3685 lenes
861 3631 1001 3684 coleretur.
1018 3661 1035 3670 -
1049 3631 1156 3703 Harvey
1177 3631 1268 3686 Colar-

199 3717 258 3786 νής]
273 3718 393 3786 magister
403 3715 461 3784 (csr.
473 3715 569 3782 Teum,
579 3716 706 3784 llutos.)
760 3715 848 3768 basum
861 3714 971 3768 intrudit
986 3714 1031 3785 qui
1043 3726 1145 3780 tamen,
1160 3727 1188 3768 ut
1205 3732 1268 3768 mox

198 3799 352 3870 disputatur.
379 3799 537 3870 Complures
547 3814 607 3871 post
617 3799 706 3854 Theo·
760 3798 869 3864 dicetur,
877 3816 1023 3870 numquam
1034 3799 1142 3852 exstitit.
1153 3799 1268 3852 -Nean-

198 3884 281 3938 dotet.
309 3895 336 3937 et
363 3883 542 3955 Epiphanium
571 3884 628 3955 [qui
651 3901 706 3937 rur·
760 3883 808 3937 der
825 3901 886 3937 cum
911 3884 969 3936 aliis
989 3883 1109 3936 Murcum
1128 3883 1223 3948 innuit,
1242 3896 1269 3936 et

198 3985 242 4022 sus
260 3985 354 4038 graeca
373 3985 388 4020 a
407 3969 486 4040 signo
502 3969 506 4038 Ι
522 3981 610 4022 servat
625 3969 705 4021 Haer.
761 3968 787 4020 id
806 3968 912 4038 quidem
936 3985 969 4020 ex
990 3985 1013 4020 c.
1033 3967 1093 4032 XV,
1124 3984 1132 4020 1
1158 3967 1269 4020 sortasse

198 4052 309 4116 xxxlt,
332 4052 357 4122 5]
377 4064 471 4124 putant
490 4053 533 4106 hic
552 4053 627 4106 innui
646 4051 706 4124 Epi-
760 4053 863 4105 suaderi
880 4064 980 4123 potest;
1000 4051 1121 4104 Hamaclr
1137 4068 1201 4104 vero
1217 4051 1268 4104 He·

195 4136 302 4208 planem
321 4136 489 4209 Carpocratis
508 4135 601 4202 filium,
617 4137 706 4208 quide
761 4137 906 4190 rucleunem.
943 4137 986 4204 (ln
1005 4153 1058 4207 quo
1077 4152 1138 4188 casu
1158 4136 1209 4189 huc
1228 4153 1269 4188 re-

272 4349 325 4390 sur.
340 4349 406 4390 sance.
422 4349 478 4390 aar.
493 4351 548 4405 (ser.
563 4348 595 4403 ιι)
609 4350 648 4392 111.
1164 4333 1195 4384 11
