3274 5100
290 489 293 498 *
329 485 392 550 322

617 487 745 534 manner
768 488 928 534 novemus
951 488 1106 534 HAERESES
1195 485 1394 555 [v,3-V,1-2

323 701 449 763 uantur,
472 699 508 748 ut
528 684 638 750 omnia
659 682 829 771 adimplere
845 684 946 770 possit
966 707 1046 772 quae
1069 683 1149 748 intra
1172 706 1246 748 eum
1267 699 1348 765 sunt,
1364 702 1396 750 et

324 794 431 860 omnia
454 792 641 873 illuminare,
665 791 936 880 quemadmodum
955 814 1096 860 vacuum
1115 807 1146 858 et
1170 790 1281 857 umbra
1297 793 1330 857 in
1346 791 1395 857 his

323 920 402 986 quae
426 922 443 965 a
467 899 645 965 Pleromate
664 915 693 964 et
717 922 734 965 a
757 915 886 986 paterno
906 898 1027 964 lumine
1047 900 1258 979 continentur,
1274 915 1397 986 poterat

325 1006 419 1072 esse?
466 1006 603 1092 Oportet
627 1007 710 1072 enim
729 1029 784 1072 eos
803 1021 834 1072 et
852 1005 959 1071 locum
984 1003 1148 1072 ostendere
1171 1007 1251 1072 intra
1276 1007 1395 1094 Propa-

325 1129 439 1192 torem,
464 1129 516 1178 aut
540 1113 620 1178 intra
643 1111 800 1193 Pleroma,
831 1134 896 1178 non
920 1110 1132 1178 illuminatum
1155 1135 1213 1179 nec
1237 1128 1393 1178 retentum

326 1216 363 1284 ab
388 1219 503 1306 aliquo,
534 1219 566 1283 in
593 1241 656 1307 quo
687 1234 738 1284 aut
768 1219 870 1306 angeli
899 1234 951 1285 aut
973 1218 1168 1305 Demiurgus
1196 1217 1271 1304 fecit
1299 1241 1394 1307 quae-

325 1347 461 1412 cumque
484 1325 593 1391 voluit.
640 1327 708 1393 Nec
724 1327 811 1392 enim
830 1325 974 1392 modicus
998 1325 1086 1391 locus
1102 1341 1159 1406 est,
1179 1327 1211 1391 in
1230 1347 1294 1412 quo
1309 1342 1393 1392 tauta

325 1449 354 1499 et
378 1431 447 1499 talis
470 1432 609 1498 conditio
629 1431 708 1500 facta
727 1448 783 1499 est.
833 1431 1012 1498 Necessitas
1032 1433 1090 1498 erit
1113 1433 1215 1520 itaque
1238 1434 1394 1513 universa,

325 1539 405 1604 intra
429 1539 575 1606 Pleroma
598 1555 650 1605 aut
673 1540 752 1606 intra
777 1539 902 1604 Patrem
927 1540 1069 1626 ipsorum
1094 1539 1233 1605 localiter
1257 1561 1392 1604 vacuum

266 1715 269 1723 ,
324 1644 438 1733 aliquid
463 1665 493 1714 et
517 1645 653 1713 informe
672 1662 702 1712 et
724 1643 928 1713 tenebrosum
947 1645 1015 1712 fieri
1034 1668 1100 1726 eos
1108 1645 1141 1699 (¹)
1160 1647 1192 1711 in
1212 1668 1276 1733 quo
1300 1645 1395 1711 fabri-

325 1770 391 1819 cata
415 1769 497 1836 sunt,
520 1775 599 1840 quae
623 1750 768 1820 fabricata
792 1769 874 1818 sunt.
921 1753 1153 1819 Incusationem
1170 1775 1296 1840 quoque
1315 1755 1395 1819 reci-

325 1861 387 1947 piet
417 1876 581 1947 paternum
610 1861 751 1947 ipsorum
779 1860 898 1940 lumen,
927 1859 1015 1948 quasi
1038 1882 1103 1925 non
1127 1860 1225 1947 possit
1256 1882 1394 1948 eaquae

324 1969 404 2034 intra
427 1969 531 2054 ipsum
555 1983 627 2032 sunt
651 1966 839 2046 illuminare,
858 1982 888 2032 et
908 1965 1047 2054 implere.
1096 1965 1207 2032 Adhuc
1231 1983 1337 2032 autem
1362 1983 1395 2032 et

324 2072 402 2140 labis
426 2073 561 2141 fructum
581 2072 719 2140 dicentes
738 2097 784 2156 ea,
809 2090 839 2140 et
862 2076 977 2140 erroris
998 2095 1138 2164 operam,
1163 2071 1265 2140 labem
1290 2092 1321 2140 et
1344 2097 1395 2139 er-

326 2204 431 2247 rorem
456 2179 602 2248 inducent
626 2183 704 2247 intra
729 2181 886 2262 Pleroma,
910 2197 940 2246 et
965 2182 997 2246 in
1016 2182 1121 2246 sinum
1147 2181 1257 2246 Patris.

392 2394 471 2461 Can.
492 2395 532 2460 V.
580 2393 990 2484 [WH.IV].Qu0u1nu
1008 2414 1178 2461 1Nv1811s1tls
1193 2415 1320 2468 Quruuu
1336 2416 1394 2461 usn

325 2501 445 2581 Pareu,
464 2522 521 2566 sau
545 2521 613 2568 uou
638 2521 845 2583 rucoourrus
865 2522 976 2575 ueoue
995 2523 1158 2568 rouonnuu
1177 2523 1244 2580 uuir
1265 2522 1393 2575 Quinem

325 2629 496 2674 rorantur
519 2629 648 2688 nucem,
666 2629 759 2676 arcer
779 2629 948 2676 Puumuun
968 2629 1117 2674 ueonsuu
1135 2628 1263 2675 uelacri
1279 2629 1393 2675 maur

324 2735 364 2780 au
387 2734 439 2779 Εο.
452 2714 485 2767 (²)
535 2735 560 2778 1.
582 2713 742 2780 Adversus
759 2736 814 2780 eos
830 2715 925 2802 igitur
940 2714 994 2801 qui
1010 2712 1118 2780 dicunt
1133 2730 1218 2780 extra
1235 2714 1392 2796 Pleroma,

323 2821 373 2886 vel
405 2820 461 2886 sub
485 2817 570 2886 bono
594 2821 675 2900 De0,
699 2819 783 2886 hunc
807 2820 962 2886 mundum
986 2819 1115 2900 factum,
1139 2844 1174 2888 ea
1197 2844 1277 2908 quae
1300 2820 1393 2910 paulo

322 2943 393 2992 aute
417 2925 498 2994 dicta
523 2943 595 2992 sunt
618 2949 635 2992 a
658 2923 804 3006 nobis,(³)
823 2943 891 3014 apta
910 2944 997 3005 sunt3
1022 2944 1052 2993 et
1071 2926 1297 2994 concludentur
1316 2927 1393 2994 tales

323 3056 396 3099 cum
421 3035 511 3099 Patre
536 3057 594 3099 suo
618 3032 655 3100 ab
679 3057 717 3099 eo
741 3036 794 3121 qui
818 3051 865 3099 est
889 3050 983 3099 entra¹
998 3033 1154 3117 Pleroma,
1171 3035 1281 3123 inquo
1297 3036 1393 3100 etiam

323 3157 352 3206 et
376 3139 518 3208 desinere
541 3163 596 3206 eos
620 3163 747 3206 necesse
771 3157 827 3206 est.
875 3140 1035 3206 Aduersus
1062 3163 1117 3206 eos
1140 3159 1244 3208 autem
1269 3143 1322 3228 qui
1345 3140 1394 3209 di·

323 3265 408 3329 cunt,
431 3249 464 3314 in
494 3248 543 3314 his
561 3271 641 3336 quae
663 3249 863 3314 continentur
887 3271 904 3314 a
928 3249 1030 3329 Patre,
1053 3246 1091 3313 ab
1116 3248 1181 3314 aliis
1204 3248 1392 3337 quibusdam

358 3471 400 3535 (1)
421 3467 467 3520 Gr.
495 3471 631 3520 ποιεῖσθαι
649 3471 744 3532 αὐτούς
760 3491 776 3512 =
792 3467 829 3520 sa-

323 3569 391 3618 cere,
412 3551 547 3624 effingere,
567 3570 621 3618 eos,
641 3553 676 3606 ita
697 3563 724 3605 ut
738 3570 829 3606 sensus

322 3638 370 3690 sit:
396 3637 510 3700 «Quum
540 3654 653 3691 vacuum
681 3637 779 3707 aliquid
804 3651 829 3690 et

325 3723 518 3776 «tenebrosum
550 3721 618 3774 intra
649 3723 771 3775 Pleroma
803 3735 829 3775 et

324 3805 466 3876 «Bythum
491 3804 614 3857 ostendere
637 3821 691 3856 non
713 3805 829 3868 valeant,

324 3906 454 3942 «necesse
482 3903 521 3942 est
548 3890 660 3942 omnino
681 3888 829 3956 (universa)

325 3973 369 4025 nsi
389 3973 525 4044 quidpiam
545 3973 696 4026 huiusmodi
710 3989 766 4025 esse
785 3990 829 4026 ve-

326 4078 339 4108 «
349 4059 406 4123 lint,
418 4059 524 4128 ipsimet
538 4057 683 4127 (Gnostici)
699 4056 828 4128 effingunt,

324 4142 569 4214 «fabricemurque.
616 4143 687 4196 Tum
708 4158 770 4194 vero
790 4142 829 4194 in-

323 4247 337 4276 «
349 4227 513 4280 cusationem
534 4228 641 4298 recipiet
660 4240 711 4280 etc.
726 4248 752 4277 n.
789 4226 828 4278 lta

884 3465 938 3519 sere
957 3466 1097 3519 Massuar.

921 3554 962 3619 (2)
981 3549 1035 3604 Cfr.
1055 3563 1110 3604 not.
1124 3568 1146 3604 c.
1160 3549 1205 3604 lll.
1242 3550 1300 3604 Huc
1316 3551 1392 3604 codd.

884 3636 1003 3688 inserunt
1031 3635 1231 3705 inscriptionem
1260 3651 1316 3704 cap.
1343 3633 1392 3686 Vll

884 3719 1133 3790 praefixam3quum
1145 3731 1234 3772 autem
1248 3720 1293 3781 ibi,
1306 3719 1333 3772 in
1346 3735 1393 3790 po-

885 3817 982 3858 strema
1006 3805 1029 3874 §,
1054 3821 1084 3858 ea
1112 3805 1239 3857 habeatur
1258 3804 1394 3875 inscriptio

885 3907 964 3960 quam
984 3889 1061 3942 c.1V
1087 3889 1275 3942 restituendam
1303 3905 1393 3942 cense-

884 3985 1027 4044 rem,patet
1035 3985 1160 4044 quantam
1168 3973 1394 4043 perturbationem

883 4058 934 4110 hae
944 4057 1127 4127 inscriptiones
1141 4057 1275 4110 subierint.
1308 4056 1394 4110 Huius

885 4141 922 4194 rei
932 4141 982 4192 alia
993 4152 1150 4210 argumenta
1163 4137 1232 4192 infra
1246 4151 1393 4192 occurrent.

920 4228 961 4294 (3)
982 4225 1000 4277 l.
1021 4243 1043 4278 e.
1064 4241 1086 4279 c.
1107 4225 1128 4277 1.
