3288 5060
242 453 291 519 (X,
314 453 398 523 1-2).]
672 455 761 502 LIBER
786 455 899 502 PRIMUS
1251 453 1314 518 219

243 650 393 716 uirtutem
416 673 454 716 ex
478 649 571 716 caelis
595 648 768 717 secundum
788 649 1015 717 demissionem
1032 649 1265 738 suscipientem,
1285 664 1316 715 et

244 757 364 824 similes
388 773 590 846 generantem
613 755 696 823 filios
715 757 743 823 ei
770 755 887 837 virtuti,
905 779 984 846 quae
1001 754 1163 824 demiserit
1186 754 1316 822 distilla-

244 865 375 944 tionem,
399 881 512 952 typum
536 887 604 930 esse
627 861 816 930 duodecadis
834 879 865 930 et
882 861 1021 930 liliorum
1041 864 1107 930 eius
1127 860 1316 929 manifestis-

245 972 362 1036 simum
379 985 567 1037 asseverant.
581 971 614 1024 (¹)

313 1096 343 1143 2.
367 1077 416 1144 Ad
440 1077 516 1144 haec
540 1093 643 1144 autem
675 1077 846 1157 uolentem,
870 1077 966 1157 aiunt,
986 1075 1199 1164 Demiurgum
1223 1097 1316 1164 supe-

245 1183 337 1249 rioris
361 1181 512 1270 ogdoadis
536 1182 777 1264 interminabile,
801 1197 831 1248 et
854 1197 1028 1263 aeternum,
1048 1196 1079 1247 et
1094 1180 1264 1262 infinitum,
1286 1196 1316 1247 et

245 1287 451 1375 intemporale
463 1288 590 1367 imitari,
602 1303 633 1354 et
647 1311 747 1376 quum
760 1310 825 1356 non
841 1287 994 1377 potuisset
1009 1283 1235 1374 perseverabile
1247 1289 1315 1356 eius

245 1411 276 1460 et
298 1412 483 1483 perpetuum
506 1392 694 1474 deformare,
705 1395 739 1446 (Ι)
763 1394 834 1461 ideo
856 1392 939 1482 quod
965 1391 1084 1460 fructus
1108 1395 1148 1460 sit
1167 1391 1254 1476 labis,
1283 1395 1315 1462 in

243 1517 424 1589 temporum
449 1503 556 1589 spatia,
576 1517 606 1567 et
630 1517 783 1590 tempora,
802 1517 834 1567 et
852 1523 1003 1567 numeros
1019 1500 1192 1567 multorum
1217 1523 1316 1568 annu-

244 1631 316 1674 rum
341 1609 554 1674 aeternitatem
574 1609 641 1674 eius
657 1608 850 1696 deposuisse,
867 1607 1100 1674 existimantem
1118 1607 1151 1674 in
1174 1607 1316 1677 multitu·

244 1713 316 1782 dine
328 1730 509 1802 temporum
521 1715 637 1780 imitari
650 1714 717 1780 eius
729 1715 976 1781 interminatum.
1012 1713 1072 1780 Hic
1084 1711 1203 1796 dicunt,
1214 1735 1315 1800 quum

245 1819 405 1910 effugisset
422 1844 495 1887 eum
512 1821 638 1901 veritas,
657 1819 884 1909 subsequutum
902 1819 1121 1886 mendacium:
1141 1835 1171 1886 et
1190 1836 1317 1909 propter

245 1927 306 1995 hoe
317 1928 575 2009 destructionem,
587 1927 764 2016 adimpletis
778 1927 983 2016 temporibus,
992 1928 1131 2016 accipere
1143 1927 1211 1994 eius
1225 1949 1315 2014 opus.

245 2141 339 2227 κλίμα
361 2143 419 2206 ἀνὰ
441 2142 511 2228 μίαν
532 2141 654 2227 δύναμιν
676 2143 713 2206 ἐκ
735 2151 793 2206 τῶν
816 2144 1050 2226 obpanditur&
1078 2141 1213 2208 κάθετον
1242 2143 1316 2206 ὑπο-

246 2247 422 2335 δεχομένην,
445 2252 498 2313 καὶ
520 2250 642 2314 ἐοικότα
659 2249 818 2314 τίκτουσαν
833 2247 926 2314 τέκνα
947 2257 986 2334 τῇ
1007 2248 1247 2333 ναταιτεμποὺση
1262 2253 1316 2333 τὴν

245 2353 405 2441 ἀπόρροιαν
427 2356 560 2440 δυνάμει,
583 2356 675 2419 τὺττον
698 2357 773 2420 εἶναι
794 2365 847 2440 της
866 2353 1035 2432 δωδεκᾰδος
1053 2357 1106 2420 καὶ
1124 2364 1184 2421 τῶν
1203 2355 1316 2420 τέκνοιν

246 2463 337 2546 cultile
354 2461 544 2546 σαφέστατον
566 2461 808 2549 διαβεβαιοῦνται.

314 2586 344 2632 2.
366 2567 446 2654 Πρὸς
460 2568 494 2632 δὲ
509 2569 623 2645 τούτοις
637 2568 813 2652 θελήσαντα
828 2591 901 2652 φασι
917 2571 967 2632 τον
983 2567 1172 2654 Δημιουργδν
1186 2578 1239 2653 της
1253 2571 1316 2632 ἄνω

245 2675 390 2760 ὀγδοάδος
412 2677 447 2738 το
469 2673 646 2759 ἀπέραντον,
668 2677 722 2738 καὶ
744 2673 869 2758 αἰώνιον,
885 2677 939 2739 καὶ
953 2671 1102 2759 ἀόριστον,
1118 2677 1171 2739 καὶ
1186 2675 1316 2760 ἄχρονον

245 2779 448 2865 μιμήσασθαι,
460 2784 565 2866 καὶμὴ
577 2779 746 2864 δυνηθέντα
757 2785 791 2846 rb
803 2781 926 2866 μόνιμον
938 2783 1039 2866 αὐτῆς,
1055 2783 1108 2844 καὶ
1122 2782 1216 2846 ἀΐδιον
1232 2780 1316 2846 ἐκτυ-

245 2899 356 2972 πῶσαι,
372 2889 420 2952 διὰ
435 2893 469 2952 τὸ
484 2892 601 2972 καρπον
615 2891 705 2954 αὐτὸν
718 2889 792 2954 εἶναι
814 2889 1028 2974 ὑστερήματος,
1051 2889 1094 2966 εἰς
1116 2885 1242 2974 χρόνους
1264 2891 1317 2954 καὶ

246 2999 377 3081 καιροὺς,
392 2996 541 3082 ἀριθμούς
558 3018 591 3060 τε
610 2996 763 3073 πολυετεῖς
778 2999 812 3060 τὸ
827 2994 943 3060 αἰώνιον
962 2998 1053 3080 αὐτῆς
1066 2996 1316 3078 κατατεθεῖσθαι,

247 3101 381 3185 οἰόμενον
399 3105 431 3167 ὲν
450 3110 492 3186 τῷ
510 3102 623 3187 πλήθει
642 3111 700 3167 τῶν
719 3103 834 3188 χρόνον
858 3103 1050 3188 μιμήσασθαι
1071 3105 1163 3186 αὐτῆς
1185 3105 1220 3166 τὸ
1242 3101 1316 3167 ἀπέ-

247 3231 361 3294 ραντον.
410 3207 566 3274 Ἐνταῦθα
577 3229 610 3274 τε
622 3208 770 3292 λέγουσιν,
784 3209 973 3294 ἐκφιηοὺσης
987 3211 1077 3273 αὐτὸν
1091 3217 1144 3293 της
1158 3207 1316 3293 ἀληθείας,

247 3316 530 3402 ἐπηκολουθηκέναι
554 3321 587 3381 τὸ
610 3317 736 3400 ψεῦδος·
760 3319 813 3380 καὶ
835 3316 883 3379 διὰ
900 3325 990 3379 τοῦτο
1004 3315 1180 3398 κατάλυσιν,
1199 3315 1318 3400 πληροι·

247 3423 363 3489 θέντων
380 3434 438 3489 τῶν
452 3424 582 3510 χρόνων,
601 3423 703 3509 λαβεῖν
720 3425 812 3488 αὐτοῦ
830 3426 864 3486 τὸ
882 3423 982 3508 ἔργον.

284 3636 325 3702 (ι)
338 3633 420 3688 Terra
436 3636 481 3688 sel.
499 3635 525 3687 in
539 3651 698 3706 unoquoque
710 3635 756 3688 cli·
811 3647 881 3698 mat;
905 3636 932 3687 in
956 3652 1009 3705 quo
1031 3637 1114 3689 altera
1139 3635 1319 3689 similitudinis

248 3730 319 3771 mate
338 3719 467 3772 virtutem
486 3719 626 3772 caelestem
647 3719 679 3771 ad
699 3734 756 3790 per-
811 3737 870 3790 pars
904 3733 942 3774 est
975 3719 1103 3788 (liliorum
1134 3720 1212 3788 eius).
1263 3719 1318 3773 Cir.

248 3802 415 3872 pendiculum
423 3803 756 3870 (καθετον,ιιοιικοιθισιν)
811 3803 929 3856 maxime
948 3802 1021 3858 Hire.
1038 3805 1054 3857 l.
1072 3802 1116 3868 1V,
1136 3820 1158 3868 r,
1177 3818 1199 3872 ς.

248 3885 365 3957 suscipit,
385 3899 464 3958 atque
483 3887 516 3939 ad
539 3885 608 3939 illius
627 3885 757 3940 influxum
846 3889 888 3954 (2)
917 3887 936 3940 1.
964 3906 986 3942 e.
1015 3904 1047 3940 ex
1076 3901 1141 3960 typo
1172 3887 1319 3958 exprimere

248 3970 476 4039 (distillationem)
503 3971 627 4024 homines
654 3969 757 4024 conlur-
812 3971 871 4038 (eir.
891 3973 983 4042 gree).
