3238 5090
199 491 336 560 (xxxa,
359 491 444 561 aaa

594 493 684 540 blBER
706 493 870 538 SECUNDUS

1175 453 1261 556 '415

199 687 339 774 linguam
363 685 486 752 caelum
510 703 568 767 est,
591 704 673 752 terra
696 703 802 752 autern
823 687 937 752 iterum
964 713 980 749 a
999 709 1069 752 sura
1095 707 1197 752 useru
1221 684 1268 752 di-

199 793 289 859 citur.
303 793 336 846 (¹)
382 791 524 859 Verbum
548 816 624 882 ergo
650 821 666 856 n
684 791 768 881 quod
793 793 916 859 caelum
939 810 969 859 et
988 809 1105 859 terram
1128 790 1268 872 habet»,

200 899 265 987 ipse
288 916 335 965 est
357 898 454 965 lesus.
502 899 591 966 Falsa
614 915 661 966 est
685 922 760 987 ergo
784 915 814 966 et
838 900 968 987 episemi
991 921 1103 966 eorum
1126 897 1268 979 redditi0,

200 1022 230 1072 et
246 1027 397 1074 numerus
413 1022 518 1072 autem
535 1029 645 1073 eorum
660 1028 788 1073 eversus
804 1022 851 1071 est
867 1005 1042 1072 manifeste.
1089 1003 1268 1072 Secundum

200 1115 285 1180 enim
299 1115 457 1202 propriam
472 1136 583 1180 eorum
599 1114 740 1202 linguam
759 1114 896 1202 quinque
914 1113 1074 1180 literarum
1090 1130 1138 1181 est
1155 1135 1268 1202 graeco

200 1218 355 1286 vocabulo
379 1221 722 1299 Soter31esusautem
746 1221 861 1288 iterum
888 1219 1061 1288 secundum
1090 1217 1268 1286 hebraicam

201 1327 342 1415 linguam
365 1326 442 1394 duas
465 1344 496 1393 et
518 1328 685 1395 dimidiam
707 1325 798 1394 habet
821 1328 937 1394 literas.
951 1326 984 1380 (²)
1030 1326 1159 1394 Corruit
1192 1349 1268 1414 ergo

200 1456 353 1500 numerus
369 1434 489 1514 calculi,
507 1435 560 1522 qui
580 1451 626 1500 est
645 1436 678 1500 in
697 1453 935 1500 ncccaxxxvru.
952 1433 985 1487 (³)
1030 1433 1070 1499 Et
1092 1455 1146 1520 per
1162 1434 1267 1498 omnia

201 1557 306 1607 autem
330 1538 547 1607 Hebraeorum
570 1541 676 1608 literae
699 1563 766 1626 non
791 1541 983 1607 conveniunt
1013 1563 1148 1608 numero
1173 1540 1270 1608 Grae-

202 1669 325 1728 corum,
348 1670 427 1736 quae
450 1648 587 1714 maxime
605 1646 753 1715 deberent
772 1649 963 1736 antiquiores
987 1664 1018 1714 et
1040 1647 1198 1714 firmiores
1217 1671 1270 1713 ex-

202 1755 356 1835 sistentes,
391 1755 510 1820 salvare
542 1757 794 1842 supputationem
826 1755 1005 1820 nominum.
1063 1755 1151 1844 lpsae
1185 1755 1268 1820 enim

201 1862 346 1949 antiquae
369 1878 400 1928 et
422 1861 541 1950 primae
572 1860 789 1928 Hebraeorum
819 1861 925 1928 literae
956 1879 985 1928 et
1016 1860 1222 1929 sacerdotales
1237 1861 1270 1915 (⁴)

237 2022 280 2091 (r)
299 2021 330 2075 In
349 2033 403 2094 729³
419 2023 535 2076 litteram
550 2034 560 2069 a
577 2021 662 2089 (iuxta
681 2039 708 2073 a·

202 2106 252 2158 lios
271 2117 281 2176 7
301 2123 368 2176 quae
385 2107 442 2160 sine
456 2107 543 2160 vocali
558 2107 609 2174 est)
626 2119 654 2159 ut
669 2105 708 2158 di·

202 2190 313 2242 midiam
328 2190 420 2244 habet:
433 2190 483 2244 hae
496 2207 560 2244 vero
573 2203 626 2244 tres
638 2190 708 2244 litte·

181 2321 184 2328 .
202 2290 247 2326 rae
258 2274 373 2327 initiales
383 2286 443 2327 sunt
453 2275 594 2329 verborum
608 2275 708 2346 [mma

203 2358 312 2459 [pm]
324 2359 451 2431 [namt.
470 2360 613 2430 insequens
627 2361 709 2431 expli·

202 2451 271 2503 catio
292 2451 406 2522 idipsum
431 2450 541 2505 sortasse
568 2451 708 2522 significat,

203 2536 247 2587 sed
260 2545 347 2588 textus
359 2537 393 2588 ob
406 2537 566 2606 imperitiam
582 2538 709 2608 interpre-

202 2619 236 2671 tis
255 2631 281 2672 et
297 2621 498 2674 amanuensium
510 2621 606 2675 misere
622 2622 709 2675 detur·

203 2716 279 2774 patus
286 2717 334 2758 est.
350 2705 709 2778 Probabiliterpostlinguam

203 2789 300 2843 excidit
328 2791 362 2842 ob
389 2793 577 2858 ὁμοτελευτεῑᾳ
607 2792 709 2862 phrasis

206 2892 220 2922 a
231 2872 375 2941 [Dominus
384 2886 423 2926 est
434 2887 459 2928 et
469 2879 488 2928 Σ
501 2875 573 2928 iuxta
587 2876 708 2928 eamdem

207 2975 220 3004 «
231 2956 381 3009 hebraicam
388 2958 519 3028 linguam]
527 2961 630 3012 caelum
639 2971 678 3012 est
684 2978 709 3020 »ς

204 3039 320 3092 Iautem
340 3041 367 3094 in
386 3041 473 3112 primo
489 3057 622 3097 commate
640 3045 710 3096 male

205 3123 274 3176 Iasus
287 3137 325 3177 est
340 3125 485 3190 redditum;
521 3139 570 3200 ἢκ
582 3145 646 3181 vero
658 3127 710 3180 for·

204 3220 274 3262 tasse
293 3209 375 3262 literis
390 3211 491 3280 graecis
506 3213 630 3283 scriptum
645 3215 710 3266 ΣΡΔ

205 3295 232 3346 in
245 3293 312 3346 Sura
331 3296 450 3349 transiit:
469 3313 546 3368 super
564 3297 633 3368 quod
653 3297 710 3367 quis

206 3380 313 3450 peritior
336 3381 468 3451 scripserit
491 3382 621 3453 glossema
650 3381 711 3451 Usar

205 3469 290 3537 (Ἴων
303 3489 320 3509 =
333 3465 431 3534 pulvis)
450 3483 530 3536 quum
555 3465 642 3519 littera
662 3466 710 3518 ini-

204 3549 274 3603 tialis
292 3551 369 3602 huius
388 3551 460 3603 verbi
480 3551 573 3603 melius
592 3551 629 3604 illi
648 3567 710 3604 cou-

204 3651 297 3704 gruere
317 3633 373 3686 visa
392 3634 425 3686 sit
445 3651 505 3687 cum
521 3647 653 3704 postrema
668 3635 710 3688 lit·

204 3730 260 3771 tera
288 3719 406 3772 nominis
432 3718 490 3771 lesu
518 3719 618 3789 (potius
644 3727 711 3791 W*

205 3820 285 3873 quam
301 3813 355 3874 ψ
369 3803 556 3872 scribendum).
594 3802 711 3856 Hnnvex

206 3905 270 3940 xero
284 3887 353 3940 hanc
366 3887 560 3940 restitutionem
574 3887 711 3958 proponit:

209 3972 347 4042 «linguam
357 3973 459 4025 caelum
469 3983 508 4025 est
520 3972 557 4040 [et
566 3982 645 4036 terra,
654 3988 711 4026 cae-

210 4056 288 4108 «lum
308 4055 358 4125 est]
377 4067 538 4121 soraterra,
557 4068 645 4110 autem
664 4057 711 4110 ite-

210 4157 293 4191 «rum
314 4157 370 4192 uera
389 4139 519 4193 dicitur».

242 4225 284 4292 (z)
302 4223 343 4278 δίο
359 4225 400 4277 uel
420 4224 480 4277 Sion
493 4225 584 4296 legunt
599 4225 641 4276 hic
654 4225 711 4278 cod.

763 2023 846 2076 nostri
866 2025 943 2094 plane
962 2040 994 2076 ex
1010 2035 1064 2095 lv*
1084 2023 1224 2094 abaliquo
1243 2023 1269 2076 in

762 2107 883 2178 margine
896 2107 986 2160 addito
994 2107 1025 2160 ad
1036 2107 1215 2161 ostensionem
1226 2124 1269 2160 eo·

762 2209 821 2244 rum
840 2209 907 2263 quae
926 2193 993 2246 lren.
1013 2191 1120 2262 profert.
1198 2227 1202 2236 ·

798 2278 840 2345 (3)
860 2277 896 2330 Ut
916 2277 986 2330 aliud
1011 2288 1197 2348 argumentum
1223 2275 1269 2328 ha·

763 2360 823 2414 beas
851 2361 993 2432 perturbati
1016 2373 1112 2424 textus,
1140 2361 1269 2413 adnotan-

762 2455 824 2507 dum
835 2453 959 2507 existimo
968 2465 1072 2506 nostros
1080 2453 1183 2506 codices
1191 2453 1268 2505 uerba

763 2554 792 2591 nr
816 2551 1012 2592 occctxxxvnr
1040 2549 1217 2590 commutasse
1242 2537 1268 2588 in

763 2623 841 2675 haec:
855 2637 966 2674 rvoarca
976 2621 1104 2692 88,prout
1114 2620 1269 2674 Feuardent.

763 2722 866 2777 quoque
885 2705 1025 2776 expressit!

800 2793 842 2858 (4)
862 2791 919 2843 Hoc
933 2807 1033 2843 nomen
1047 2789 1137 2842 nullibi
1154 2789 1219 2841 alias
1231 2805 1270 2840 re·

764 2875 848 2946 perire
873 2874 963 2927 datum
989 2885 1028 2926 est
1052 2874 1085 2926 de
1108 2872 1202 2926 litteris
1225 2871 1270 2924 he·

765 2959 859 3014 braicis
871 2958 1013 3027 (hieraticos
1023 2957 1111 3010 vocari
1123 2957 1270 3028 Aegyptio·

765 3063 822 3098 rum
830 3043 985 3098 decliviores
995 3043 1159 3096 characteres
1167 3059 1221 3094 non
1232 3054 1270 3094 est

764 3130 833 3199 quod
844 3130 951 3196 dicam).
988 3127 1088 3181 Verum
1102 3127 1210 3197 quisque
1223 3143 1270 3178 no·

765 3214 802 3266 vit
816 3214 916 3266 litteras
926 3224 1076 3282 praesentes
1089 3212 1268 3264 Hebraeorum

764 3298 913 3350 chaldaicas
932 3297 1018 3368 potius
1034 3295 1212 3366 essetquibus
1231 3295 1270 3347 in·

764 3381 858 3445 ductis,
867 3398 931 3434 sane
946 3380 1070 3434 credibile
1082 3392 1122 3434 est
1133 3381 1232 3451 primas
1245 3392 1269 3433 et

765 3467 886 3537 antiquas
906 3465 932 3518 in
952 3465 1032 3519 sacris
1052 3465 1125 3518 libris
1138 3476 1163 3518 et
1179 3464 1270 3517 ritibus

764 3551 916 3604 observatas
937 3567 994 3603 esse
1016 3567 1047 3602 ac
1075 3561 1212 3620 propterea
1230 3565 1270 3602 sa-

765 3635 910 3688 cerdotales
938 3647 1054 3688 vocatas.
1101 3635 1137 3688 At
1163 3634 1271 3706 Harvey

764 3720 939 3773 sacerdotales
950 3722 1131 3787 (λειτουργικὰ
1139 3717 1191 3790 [?])
1201 3721 1271 3774 idem

766 3820 797 3856 ac
815 3815 927 3876 pamm
949 3816 1023 3875 putat
1049 3821 1114 3868 esse,
1136 3821 1182 3858 seu
1205 3821 1272 3875 quae

766 3889 944 3942 communiter
963 3901 991 3941 ut
1013 3888 1117 3941 numeri
1140 3888 1272 3958 accipiun-

766 3983 818 4037 tur,
830 3972 856 4023 h.
864 3991 886 4024 e.
896 3973 997 4042 primae
1007 3971 1147 4041 decem.[?]
1185 3971 1273 4024 Grahe

767 4072 831 4109 vero
843 4059 1002 4122 ῑιρουργικά,
1015 4072 1061 4108 seu
1077 4057 1169 4126 quibus
1182 4071 1215 4108 ss.
1229 4073 1272 4108 co·

766 4140 838 4193 dices
856 4150 917 4191 sunt
936 4141 1045 4205 exarati,
1064 4141 1149 4210 aptius
1169 4156 1273 4211 expres-

766 4241 825 4277 sum
845 4234 927 4294 putat.
