3230 5062
361 443 422 490 102
645 444 773 490 lRENAEI
795 443 955 490 ADVERSUS
978 443 1134 490 HAERESES
1293 441 1352 512 [IV‚
1370 458 1423 510 4-5

422 662 453 725 4.
477 638 563 706 Volo
588 655 693 706 autem
716 637 831 728 aliquid
861 655 891 706 et
922 661 981 728 ego
1016 637 1159 706 conferre
1192 637 1427 707 fructificationi

355 769 477 814 eorum.
529 746 693 828 Quoniam
727 746 812 812 enim
847 745 940 813 video
973 744 1080 813 dulces
1113 745 1240 833 quidem
1272 746 1427 835 quasdam

355 876 460 941 aquas,
479 869 513 919 ut
532 851 644 934 fontes,
662 869 692 919 et
707 851 849 934 flumina,
868 868 899 918 et
916 850 1043 934 imbres,
1062 869 1093 920 et
1112 852 1199 932 talia3
1219 875 1298 941 quae
1317 871 1426 920 autem

356 977 428 1027 sont
451 960 484 1026 in
506 961 586 1026 mari
609 958 722 1026 salsas:
746 957 914 1025 adinvenio
936 981 1001 1026 non
1019 959 1127 1026 omnia
1151 982 1168 1025 a
1186 959 1336 1047 lacrymis
1355 963 1425 1027 eius

355 1067 479 1146 emissa,
502 1066 654 1153 quoniam
677 1065 833 1153 lacrymae
856 1064 954 1132 salsae
977 1082 1050 1132 sunt
1079 1065 1238 1154 qualitate.
1286 1065 1393 1133 Manis
1410 1107 1425 1120 -

355 1189 439 1239 stum
463 1187 511 1239 est
529 1173 633 1260 igitur,
657 1173 808 1259 quoniam
831 1171 928 1240 salsae
943 1195 1040 1262 aquae
1058 1171 1116 1239 hae
1136 1189 1242 1240 sunta
1263 1172 1423 1260 lacrymis.

356 1278 483 1366 Opinor
498 1295 603 1345 autem
623 1301 704 1359 eam,
724 1279 756 1345 in
772 1279 883 1367 agonia
902 1295 934 1345 et
948 1279 981 1344 in
997 1279 1205 1345 inconstantia
1220 1279 1329 1367 grandi
1346 1302 1426 1346 con-

355 1386 506 1465 stitutam,
522 1401 552 1452 et
575 1385 712 1452 sudasse.
759 1384 852 1452 Unde
867 1387 961 1452 etiam
984 1384 1157 1452 secundum
1177 1388 1425 1474 argumentatio-

355 1515 428 1559 nem
451 1493 593 1580 ipsorum
612 1493 761 1580 suspicari
776 1508 910 1580 oportet,
929 1491 1032 1559 fontes
1048 1509 1078 1558 et
1095 1491 1237 1574 flumina,
1254 1511 1284 1558 et
1298 1495 1324 1559 si
1343 1515 1424 1580 quae

355 1615 427 1665 sunt
450 1599 526 1666 aliae
555 1622 652 1687 aquae
674 1599 790 1681 dulceS,
825 1600 1059 1688 generationem
1092 1596 1237 1666 habuisse
1273 1622 1290 1665 a
1328 1600 1425 1666 sudo-

355 1701 440 1771 ribus
464 1705 540 1770 eius.
587 1704 663 1772 Non
686 1720 732 1771 est
754 1705 840 1770 enim
859 1702 1019 1786 suadibile,
1035 1727 1134 1794 quum
1158 1706 1220 1772 sint
1239 1707 1330 1772 unius
1346 1729 1425 1794 qua-

354 1809 448 1877 litatis
468 1810 635 1898 lacrymae,
659 1811 770 1877 alteras
792 1810 919 1900 quidem
936 1811 1042 1893 salsas,
1066 1812 1177 1878 alteras
1201 1812 1307 1879 dulces
1326 1835 1423 1900 aquas

355 1939 392 1982 ex
418 1917 456 1982 iis
476 1919 586 1984 exisse.
633 1917 703 1985 Hoc
727 1935 831 1985 autem
856 1920 956 2006 magis
979 1916 1137 2000 suadibile,
1161 1918 1271 1986 alteras
1293 1917 1423 2007 quidem

355 2045 423 2090 esse
438 2046 456 2088 a
474 2022 634 2110 lacrymis,
653 2023 762 2090 alteras
782 2046 858 2090 vero
877 2047 893 2090 a
912 2021 1088 2090 sudoribus.
1135 2024 1300 2106 Quoniam
1316 2041 1423 2090 autem

355 2145 385 2196 et
408 2129 524 2196 calidae
547 2146 577 2196 et
600 2146 739 2197 austerae
750 2131 783 2183 (¹)
801 2148 874 2198 sunt
888 2131 1041 2218 quaedam
1060 2153 1157 2218 aquae
1177 2133 1210 2197 in
1227 2130 1357 2206 mundo,
1374 2132 1423 2197 in-

422 2366 452 2428 4.
477 2343 630 2430 Βούλομαι
648 2345 682 2408 δὲ
699 2346 751 2408 καὶ
769 2347 858 2421 αὐτὸς
876 2354 1110 2430 συνεισενεγκεῖν
1129 2366 1156 2408 τι
1174 2355 1211 2430 τη
1233 2344 1423 2431 καρπορορίᾳ

354 2454 460 2516 αὐτῶν.
503 2449 628 2536 Ἐπειδὴ
640 2455 698 2538 γὰρ
709 2452 769 2536 όρῶ
780 2453 818 2516 τὰ
830 2455 883 2536 μὲν
894 2450 1011 2536 γλυκέα
1023 2453 1117 2516 δδατα
1132 2454 1213 2533 όντα,
1231 2451 1292 2516 οἷον
1307 2456 1422 2538 πηγὰς,

354 2559 407 2621 καὶ
428 2561 589 2642 ποταμοὺς,
609 2560 661 2621 καὶ
679 2556 816 2643 όμβρους,
836 2560 887 2621 καὶ
905 2561 943 2622 τὰ
961 2567 1098 2622 τοιαῦτα·
1118 2561 1156 2622 τὰ
1174 2559 1208 2621 δὲ
1227 2559 1258 2623 ἐν
1281 2569 1344 2636 ταῖς
1361 2560 1423 2624 θα-

354 2663 480 2739 λάσσας
509 2663 647 2749 ἀλμυρίι·
676 2664 784 2728 ἐπινοῶ
806 2666 848 2748 μὴ
872 2663 970 2728 πόντοι
998 2667 1058 2729 ἀπὸ
1080 2675 1139 2729 τῶν
1162 2665 1300 2748 δακρύων
1330 2667 1423 2749 αὐτῆς

354 2771 589 2858 προβεβλῆσθαι,
613 2768 686 2834 διότι
707 2775 742 2835 τό
764 2771 893 2857 δὶκρυον
911 2771 1043 2855 ἁλμυρόν
1065 2781 1103 2856 τη
1121 2772 1253 2856 ποιότητι
1272 2772 1421 2858 ὑπάρχει·

354 2881 480 2962 φανερόν
502 2880 563 2960 οὖν,
587 2879 632 2942 ότι
649 2881 688 2941 τὰ
706 2878 825 2963 ἁλμυρὰ
843 2880 937 2943 labara
955 2878 1048 2943 ταῦτὶι
1066 2881 1131 2942 ἔστι
1149 2882 1188 2942 τοι
1206 2880 1268 2944 ἀπὸ
1291 2889 1349 2944 τῶν
1371 2880 1422 2942 δα

354 2985 461 3071 κρόων.
509 2984 599 3061 Εἰκὸς
621 2984 655 3048 δὲ
677 2987 770 3069 αὐτην
788 2987 819 3050 ὲν
838 2985 951 3070 ἀγωνίᾳ
970 2984 1069 3070 πολλῇ
1088 2987 1141 3048 καὶ
1160 2987 1314 3070 ἀμηχανίᾳ
1333 3007 1424 3070 γεγο·

354 3101 437 3156 νυῖαν
458 3093 511 3154 καὶ
538 3089 709 3176 ἱδρωκέναι·
735 3091 875 3156 ἐντεῦθεν
897 3092 944 3176 δη,
961 3093 1041 3155 κατὰ
1063 3093 1116 3176 τὴν
1139 3091 1289 3156 ὑπόθεσιν
1311 3094 1421 3172 αὐτῶν,

355 3195 574 3283 ὑπολαμβίινειν
597 3197 650 3279 δεῖ,
666 3199 765 3282 πηγὰς
786 3200 839 3262 καὶ
860 3201 1023 3280 ποταμοὺς,
1039 3199 1092 3261 καὶ
1106 3199 1134 3261 εἴ
1148 3218 1213 3261 τινα
1227 3198 1308 3262 ἄλλα
1327 3199 1422 3262 metz

356 3301 471 3389 γλυκέα
493 3303 631 3388 ὑπάρχει,
654 3307 708 3388 την
729 3303 845 3390 γένεσιν
874 3303 1093 3390 μετεσχηκέναι
1120 3307 1180 3368 ἀπὸ
1210 3312 1269 3370 τῶν
1291 3303 1422 3390 ἱδρώτων

355 3412 463 3494 αὐτῆς·
510 3410 659 3474 ἀπίθανον
677 3413 744 3496 γὰρ,
764 3421 834 3495 μιᾶς
851 3408 1007 3496 ποιότητος
1029 3413 1119 3496 οὔσης
1142 3419 1200 3476 τῶν
1220 3411 1367 3496 δακρόων,
1385 3415 1424 3475 τὰ

357 3517 411 3600 μὲν
426 3515 555 3599 ἁλμυρὰ,
571 3517 609 3578 τὰ
623 3515 656 3580 δὲ
670 3515 786 3600 γλυκέσι
804 3517 898 3581 ὕδατα
915 3515 947 3594 ἐξ
965 3519 1063 3581 αὐτῶν
1079 3517 1262 3602 προελθεῖν·
1282 3527 1370 3582 τοῦτο
1389 3518 1424 3581 δὲ

355 3618 569 3705 ποθεινότερον,
593 3624 630 3686 τὰ
653 3625 708 3706 μὲν
730 3623 803 3686 εἶναι
825 3624 886 3686 ἀπὸ
909 3632 967 3687 τῶν
992 3622 1139 3708 δακρύων,
1162 3625 1202 3687 τὰ
1224 3624 1258 3687 δὲ
1281 3625 1342 3688 ἀπὸ
1365 3633 1425 3688 τῶν

356 3724 494 3810 ἱδρώτων.
541 3726 630 3792 Ἐπεὶ
647 3728 680 3792 δὲ
698 3731 751 3792 καὶ
768 3728 870 3815 θερμὰ
887 3731 939 3793 καὶ
956 3728 1061 3814 δριμέα
1083 3733 1148 3794 τινὰ
1171 3730 1265 3794 ὓδατά
1288 3731 1368 3794 ἐστιν
1392 3731 1424 3794 ἐν

356 3840 397 3917 τῷ
419 3833 537 3919 κόσμῳ,
560 3843 636 3899 νοεῖν
659 3834 797 3918 ὀφείλεις,
820 3836 848 3900 τὶ
874 3836 1036 3919 ποιήσασα,
1063 3837 1116 3900 καὶ
1141 3837 1178 3900 ὲκ
1203 3836 1291 3902 ποίου
1321 3837 1425 3921 μορίου

391 4087 559 4155 (1)=acres.
596 4085 649 4140 efr.
669 4087 784 4140 similem
805 4087 862 4140 irri-
918 4089 951 4141 nd
982 4088 1102 4160 Carpion.
1133 4089 1201 4142 inter
1231 4105 1289 4159 epp.
1317 4088 1424 4142 Ioannis

355 4172 458 4226 sionem
478 4173 546 4244 apud
565 4173 660 4226 Νιιυιι
678 4185 793 4226 ascetam
813 4175 862 4245 (ep.
918 4172 1013 4244 Chrys.
1034 4172 1106 4241 234).
