<?xml version="1.0" encoding="UTF-8"?>
<!DOCTYPE html PUBLIC "-//W3C//DTD XHTML 1.0 Transitional//EN"
    "http://www.w3.org/TR/xhtml1/DTD/xhtml1-transitional.dtd">
<html xmlns="http://www.w3.org/1999/xhtml" xml:lang="en" lang="en">
 <head>
  <title>
</title>
<meta http-equiv="Content-Type" content="text/html;charset=utf-8" />
  <meta name='ocr-system' content='tesseract 3.04.00' />
  <meta name='ocr-capabilities' content='ocr_page ocr_carea ocr_par ocr_line ocrx_word'/>
</head>
<body>
  <div class='ocr_page' id='page_1' title='image "./adversushaerese00irengoog_0075.png"; bbox 0 0 3172 5044; ppageno 0'>
   <div class='ocr_carea' id='block_1_1' title="bbox 750 1200 1016 1269">
    <p class='ocr_par' dir='ltr' id='par_1_1' title="bbox 750 1200 1016 1269">
     <span class='ocr_line' id='line_1_1' title="bbox 750 1200 1016 1269; baseline -0.004 -2"><span class='ocrx_word' id='word_1_1' title='bbox 750 1200 1016 1269; x_wconf 91' lang='lat' dir='ltr'>MONITUM</span> 
     </span>
    </p>
   </div>
   <div class='ocr_carea' id='block_1_2' title="bbox 347 1606 1423 2921">
    <p class='ocr_par' dir='ltr' id='par_1_2' title="bbox 348 1606 1420 1770">
     <span class='ocr_line' id='line_1_2' title="bbox 419 1606 1420 1678; baseline -0.006 -14"><span class='ocrx_word' id='word_1_2' title='bbox 419 1611 506 1674; x_wconf 81' lang='lat' dir='ltr'><strong>Quale</strong></span> <span class='ocrx_word' id='word_1_3' title='bbox 524 1626 573 1664; x_wconf 89' lang='lat' dir='ltr'>nos</span> <span class='ocrx_word' id='word_1_4' title='bbox 592 1610 686 1664; x_wconf 92' lang='lat' dir='ltr'>iuverit</span> <span class='ocrx_word' id='word_1_5' title='bbox 706 1609 845 1662; x_wconf 90' lang='lat' dir='ltr'>consilium</span> <span class='ocrx_word' id='word_1_6' title='bbox 865 1609 892 1661; x_wconf 94' lang='lat' dir='ltr'>in</span> <span class='ocrx_word' id='word_1_7' title='bbox 910 1608 1012 1661; x_wconf 90' lang='lat' dir='ltr'>Irenaei</span> <span class='ocrx_word' id='word_1_8' title='bbox 1031 1624 1110 1678; x_wconf 87' lang='lat' dir='ltr'>opere</span> <span class='ocrx_word' id='word_1_9' title='bbox 1129 1607 1180 1662; x_wconf 92' lang='lat' dir='ltr'>hoc</span> <span class='ocrx_word' id='word_1_10' title='bbox 1197 1606 1420 1678; x_wconf 83' lang='lat' dir='ltr'>quinquagesimo</span> 
     </span>
     <span class='ocr_line' id='line_1_3' title="bbox 348 1695 1144 1770; baseline -0.006 -17"><span class='ocrx_word' id='word_1_11' title='bbox 348 1716 420 1754; x_wconf 87' lang='lat' dir='ltr'>anno</span> <span class='ocrx_word' id='word_1_12' title='bbox 438 1717 454 1752; x_wconf 89' lang='lat' dir='ltr'>a</span> <span class='ocrx_word' id='word_1_13' title='bbox 473 1711 605 1770; x_wconf 86' lang='lat' dir='ltr'>postrema</span> <span class='ocrx_word' id='word_1_14' title='bbox 623 1698 739 1752; x_wconf 84' lang='lat' dir='ltr'>editione</span> <span class='ocrx_word' id='word_1_15' title='bbox 759 1697 921 1752; x_wconf 85' lang='lat' dir='ltr'>recensendo</span> <span class='ocrx_word' id='word_1_16' title='bbox 939 1695 1028 1767; x_wconf 86' lang='lat' dir='ltr'>paucis</span> <span class='ocrx_word' id='word_1_17' title='bbox 1046 1695 1144 1766; x_wconf 85' lang='lat' dir='ltr'>accipe.</span> 
     </span>
    </p>

    <p class='ocr_par' dir='ltr' id='par_1_3' title="bbox 347 1783 1421 2124">
     <span class='ocr_line' id='line_1_4' title="bbox 419 1783 1420 1850; baseline -0.004 -10"><span class='ocrx_word' id='word_1_18' title='bbox 419 1787 537 1842; x_wconf 83' lang='lat' dir='ltr'>Textum</span> <span class='ocrx_word' id='word_1_19' title='bbox 555 1787 668 1840; x_wconf 81' lang='lat' dir='ltr'>latinum</span> <span class='ocrx_word' id='word_1_20' title='bbox 687 1786 828 1840; x_wconf 77' lang='lat' dir='ltr'>Mnssuert</span> <span class='ocrx_word' id='word_1_21' title='bbox 847 1786 954 1850; x_wconf 89' lang='lat' dir='ltr'>damus,</span> <span class='ocrx_word' id='word_1_22' title='bbox 973 1785 1008 1838; x_wconf 91' lang='lat' dir='ltr'>ita</span> <span class='ocrx_word' id='word_1_23' title='bbox 1028 1797 1120 1838; x_wconf 89' lang='lat' dir='ltr'>tamen</span> <span class='ocrx_word' id='word_1_24' title='bbox 1138 1783 1211 1837; x_wconf 92' lang='lat' dir='ltr'>utin</span> <span class='ocrx_word' id='word_1_25' title='bbox 1226 1784 1363 1837; x_wconf 87' lang='lat' dir='ltr'>nonnullis</span> <span class='ocrx_word' id='word_1_26' title='bbox 1376 1783 1420 1837; x_wconf 90' lang='lat' dir='ltr'>lit-</span> 
     </span>
     <span class='ocr_line' id='line_1_5' title="bbox 348 1872 1421 1948; baseline -0.005 -18"><span class='ocrx_word' id='word_1_27' title='bbox 348 1889 432 1930; x_wconf 81' lang='lat' dir='ltr'>teram</span> <span class='ocrx_word' id='word_1_28' title='bbox 451 1876 559 1948; x_wconf 84' lang='lat' dir='ltr'>Harvey</span> <span class='ocrx_word' id='word_1_29' title='bbox 578 1877 620 1930; x_wconf 88' lang='lat' dir='ltr'>vel</span> <span class='ocrx_word' id='word_1_30' title='bbox 639 1875 741 1928; x_wconf 90' lang='lat' dir='ltr'>Stieren</span> <span class='ocrx_word' id='word_1_31' title='bbox 761 1872 951 1945; x_wconf 81' lang='lat' dir='ltr'>praeferamus:</span> <span class='ocrx_word' id='word_1_32' title='bbox 970 1890 1001 1927; x_wconf 90' lang='lat' dir='ltr'>ac</span> <span class='ocrx_word' id='word_1_33' title='bbox 1019 1873 1101 1926; x_wconf 82' lang='lat' dir='ltr'>etiam</span> <span class='ocrx_word' id='word_1_34' title='bbox 1119 1888 1188 1943; x_wconf 88' lang='lat' dir='ltr'>quae</span> <span class='ocrx_word' id='word_1_35' title='bbox 1207 1889 1222 1926; x_wconf 88' lang='lat' dir='ltr'>a</span> <span class='ocrx_word' id='word_1_36' title='bbox 1237 1883 1362 1943; x_wconf 89' lang='lat' dir='ltr'>quattuor</span> <span class='ocrx_word' id='word_1_37' title='bbox 1375 1889 1421 1925; x_wconf 88' lang='lat' dir='ltr'>co·</span> 
     </span>
     <span class='ocr_line' id='line_1_6' title="bbox 347 1960 1420 2033; baseline -0.003 -16"><span class='ocrx_word' id='word_1_38' title='bbox 347 1965 447 2017; x_wconf 91' lang='lat' dir='ltr'>dicibus</span> <span class='ocrx_word' id='word_1_39' title='bbox 467 1963 603 2017; x_wconf 78' lang='lat' dir='ltr'>Vaticanis</span> <span class='ocrx_word' id='word_1_40' title='bbox 622 1965 684 2031; x_wconf 83' lang='lat' dir='ltr'>(hos</span> <span class='ocrx_word' id='word_1_41' title='bbox 703 1963 775 2016; x_wconf 92' lang='lat' dir='ltr'>enim</span> <span class='ocrx_word' id='word_1_42' title='bbox 794 1974 899 2015; x_wconf 88' lang='lat' dir='ltr'>tantum</span> <span class='ocrx_word' id='word_1_43' title='bbox 919 1961 1047 2033; x_wconf 85' lang='lat' dir='ltr'>inspicere</span> <span class='ocrx_word' id='word_1_44' title='bbox 1060 1961 1146 2029; x_wconf 91' lang='lat' dir='ltr'>licuit)</span> <span class='ocrx_word' id='word_1_45' title='bbox 1160 1960 1270 2014; x_wconf 84' lang='lat' dir='ltr'>feliciter</span> <span class='ocrx_word' id='word_1_46' title='bbox 1284 1979 1420 2015; x_wconf 88' lang='lat' dir='ltr'>nonnum·</span> 
     </span>
     <span class='ocr_line' id='line_1_7' title="bbox 347 2048 1327 2124; baseline -0.002 -19"><span class='ocrx_word' id='word_1_47' title='bbox 347 2069 428 2124; x_wconf 88' lang='lat' dir='ltr'>quam</span> <span class='ocrx_word' id='word_1_48' title='bbox 447 2065 567 2106; x_wconf 82' lang='lat' dir='ltr'>servatur</span> <span class='ocrx_word' id='word_1_49' title='bbox 587 2051 643 2121; x_wconf 89' lang='lat' dir='ltr'>[cfr.</span> <span class='ocrx_word' id='word_1_50' title='bbox 660 2069 684 2106; x_wconf 92' lang='lat' dir='ltr'>v.</span> <span class='ocrx_word' id='word_1_51' title='bbox 704 2069 729 2123; x_wconf 87' lang='lat' dir='ltr'>g.</span> <span class='ocrx_word' id='word_1_52' title='bbox 749 2051 769 2116; x_wconf 91' lang='lat'>1,</span> <span class='ocrx_word' id='word_1_53' title='bbox 792 2065 814 2118; x_wconf 77' lang='lat'>3,</span> <span class='ocrx_word' id='word_1_54' title='bbox 836 2049 894 2118; x_wconf 82' lang='lat'>5-6‚</span> <span class='ocrx_word' id='word_1_55' title='bbox 913 2068 938 2121; x_wconf 92' lang='lat' dir='ltr'>p.</span> <span class='ocrx_word' id='word_1_56' title='bbox 954 2064 985 2121; x_wconf 88' lang='lat'>95</span> <span class='ocrx_word' id='word_1_57' title='bbox 1007 2061 1063 2106; x_wconf 86' lang='lat' dir='ltr'>not.</span> <span class='ocrx_word' id='word_1_58' title='bbox 1083 2067 1092 2104; x_wconf 92' lang='lat'>1</span> <span class='ocrx_word' id='word_1_59' title='bbox 1114 2061 1141 2104; x_wconf 87' lang='lat' dir='ltr'>et</span> <span class='ocrx_word' id='word_1_60' title='bbox 1159 2048 1195 2121; x_wconf 84' lang='lat'>96</span> <span class='ocrx_word' id='word_1_61' title='bbox 1213 2061 1269 2103; x_wconf 92' lang='lat' dir='ltr'>not.</span> <span class='ocrx_word' id='word_1_62' title='bbox 1290 2051 1327 2120; x_wconf 89' lang='lat'>2].</span> 
     </span>
    </p>

    <p class='ocr_par' dir='ltr' id='par_1_4' title="bbox 348 2138 1423 2921">
     <span class='ocr_line' id='line_1_8' title="bbox 419 2138 1420 2212; baseline -0.002 -18"><span class='ocrx_word' id='word_1_63' title='bbox 419 2141 537 2195; x_wconf 79' lang='lat' dir='ltr'>&#39;fertum</span> <span class='ocrx_word' id='word_1_64' title='bbox 547 2157 680 2212; x_wconf 86' lang='lat' dir='ltr'>graecum,</span> <span class='ocrx_word' id='word_1_65' title='bbox 690 2150 814 2212; x_wconf 88' lang='lat' dir='ltr'>quattuor</span> <span class='ocrx_word' id='word_1_66' title='bbox 823 2141 864 2193; x_wconf 85' lang='lat' dir='ltr'>vel</span> <span class='ocrx_word' id='word_1_67' title='bbox 875 2139 990 2210; x_wconf 89' lang='lat' dir='ltr'>quinque</span> <span class='ocrx_word' id='word_1_68' title='bbox 999 2138 1154 2210; x_wconf 83' lang='lat' dir='ltr'>fragmentis</span> <span class='ocrx_word' id='word_1_69' title='bbox 1164 2140 1217 2193; x_wconf 87' lang='lat' dir='ltr'>iam</span> <span class='ocrx_word' id='word_1_70' title='bbox 1227 2140 1420 2210; x_wconf 87' lang='lat' dir='ltr'>locupletatum</span> 
     </span>
     <span class='ocr_line' id='line_1_9' title="bbox 349 2227 1423 2299; baseline -0.001 -17"><span class='ocrx_word' id='word_1_71' title='bbox 349 2247 365 2282; x_wconf 84' lang='lat' dir='ltr'>a</span> <span class='ocrx_word' id='word_1_72' title='bbox 378 2229 463 2283; x_wconf 91' lang='lat' dir='ltr'>doctis</span> <span class='ocrx_word' id='word_1_73' title='bbox 476 2229 594 2294; x_wconf 87' lang='lat' dir='ltr'>viris,&#39;ex</span> <span class='ocrx_word' id='word_1_74' title='bbox 607 2228 795 2284; x_wconf 87' lang='lat' dir='ltr'>recentioribas</span> <span class='ocrx_word' id='word_1_75' title='bbox 812 2245 932 2299; x_wconf 87' lang='lat' dir='ltr'>operum,</span> <span class='ocrx_word' id='word_1_76' title='bbox 951 2228 1045 2298; x_wconf 90' lang='lat' dir='ltr'>quibus</span> <span class='ocrx_word' id='word_1_77' title='bbox 1063 2239 1190 2293; x_wconf 85' lang='lat' dir='ltr'>servatur,</span> <span class='ocrx_word' id='word_1_78' title='bbox 1203 2227 1364 2282; x_wconf 89' lang='lat' dir='ltr'>editionibus</span> <span class='ocrx_word' id='word_1_79' title='bbox 1376 2228 1423 2281; x_wconf 89' lang='lat' dir='ltr'>de·</span> 
     </span>
     <span class='ocr_line' id='line_1_10' title="bbox 348 2315 1421 2387; baseline -0.002 -17"><span class='ocrx_word' id='word_1_80' title='bbox 348 2317 492 2370; x_wconf 89' lang='lat' dir='ltr'>sumimus:</span> <span class='ocrx_word' id='word_1_81' title='bbox 505 2328 532 2370; x_wconf 91' lang='lat' dir='ltr'>at</span> <span class='ocrx_word' id='word_1_82' title='bbox 545 2315 718 2370; x_wconf 85' lang='lat' dir='ltr'>Dindorfiana</span> <span class='ocrx_word' id='word_1_83' title='bbox 729 2316 869 2387; x_wconf 86' lang='lat' dir='ltr'>Epiphanii</span> <span class='ocrx_word' id='word_1_84' title='bbox 878 2316 960 2369; x_wconf 88' lang='lat' dir='ltr'>editio</span> <span class='ocrx_word' id='word_1_85' title='bbox 970 2316 997 2368; x_wconf 94' lang='lat' dir='ltr'>in</span> <span class='ocrx_word' id='word_1_86' title='bbox 1007 2315 1139 2380; x_wconf 90' lang='lat' dir='ltr'>omnibus,</span> <span class='ocrx_word' id='word_1_87' title='bbox 1150 2332 1199 2369; x_wconf 91' lang='lat' dir='ltr'>nec</span> <span class='ocrx_word' id='word_1_88' title='bbox 1208 2332 1314 2386; x_wconf 87' lang='lat' dir='ltr'>semper</span> <span class='ocrx_word' id='word_1_89' title='bbox 1323 2315 1421 2369; x_wconf 88' lang='lat' dir='ltr'>frustra</span> 
     </span>
     <span class='ocr_line' id='line_1_11' title="bbox 352 2403 1420 2479; baseline -0.003 -20"><span class='ocrx_word' id='word_1_90' title='bbox 352 2405 409 2476; x_wconf 90' lang='lat' dir='ltr'>[cfr.</span> <span class='ocrx_word' id='word_1_91' title='bbox 429 2425 454 2459; x_wconf 89' lang='lat' dir='ltr'>v.</span> <span class='ocrx_word' id='word_1_92' title='bbox 473 2424 499 2477; x_wconf 86' lang='lat' dir='ltr'>g.</span> <span class='ocrx_word' id='word_1_93' title='bbox 519 2407 539 2470; x_wconf 96' lang='grc' dir='ltr'>Ι,</span> <span class='ocrx_word' id='word_1_94' title='bbox 557 2421 583 2471; x_wconf 79' lang='grc'>4,</span> <span class='ocrx_word' id='word_1_95' title='bbox 602 2421 619 2472; x_wconf 87' lang='grc'>4</span> <span class='ocrx_word' id='word_1_96' title='bbox 643 2403 681 2479; x_wconf 90' lang='lat' dir='ltr'>(p.</span> <span class='ocrx_word' id='word_1_97' title='bbox 707 2407 770 2476; x_wconf 84' lang='lat'>102&gt;</span> <span class='ocrx_word' id='word_1_98' title='bbox 797 2408 992 2473; x_wconf 66' lang='grc' dir='ltr'><strong>μετεσχηκέναι</strong></span> <span class='ocrx_word' id='word_1_99' title='bbox 1015 2405 1165 2458; x_wconf 90' lang='lat' dir='ltr'>restitutum</span> <span class='ocrx_word' id='word_1_100' title='bbox 1186 2421 1233 2475; x_wconf 91' lang='lat' dir='ltr'>pro</span> <span class='ocrx_word' id='word_1_101' title='bbox 1252 2407 1288 2472; x_wconf 84' lang='grc' dir='ltr'>μὴ</span> <span class='ocrx_word' id='word_1_102' title='bbox 1308 2405 1420 2474; x_wconf 58' lang='lat' dir='ltr'>doxam]</span> 
     </span>
     <span class='ocr_line' id='line_1_12' title="bbox 349 2492 1422 2564; baseline -0.003 -17"><span class='ocrx_word' id='word_1_103' title='bbox 349 2495 445 2548; x_wconf 83' lang='lat' dir='ltr'>collata</span> <span class='ocrx_word' id='word_1_104' title='bbox 464 2507 503 2547; x_wconf 88' lang='lat' dir='ltr'>est</span> <span class='ocrx_word' id='word_1_105' title='bbox 522 2511 583 2547; x_wconf 90' lang='lat' dir='ltr'>cum</span> <span class='ocrx_word' id='word_1_106' title='bbox 602 2494 660 2547; x_wconf 92' lang='lat' dir='ltr'>cod.</span> <span class='ocrx_word' id='word_1_107' title='bbox 679 2492 741 2546; x_wconf 89' lang='lat' dir='ltr'>Vat.</span> <span class='ocrx_word' id='word_1_108' title='bbox 760 2511 799 2564; x_wconf 84' lang='lat' dir='ltr'>gr.</span> <span class='ocrx_word' id='word_1_109' title='bbox 822 2507 869 2561; x_wconf 86' lang='lat'>503</span> <span class='ocrx_word' id='word_1_110' title='bbox 890 2504 916 2546; x_wconf 89' lang='lat' dir='ltr'>et</span> <span class='ocrx_word' id='word_1_111' title='bbox 936 2493 1028 2546; x_wconf 89' lang='lat' dir='ltr'>Urbin.</span> <span class='ocrx_word' id='word_1_112' title='bbox 1057 2509 1096 2564; x_wconf 84' lang='lat' dir='ltr'>gr.</span> <span class='ocrx_word' id='word_1_113' title='bbox 1119 2507 1164 2560; x_wconf 83' lang='lat'>173</span> <span class='ocrx_word' id='word_1_114' title='bbox 1189 2492 1331 2545; x_wconf 85' lang='lat' dir='ltr'>Cruiciana</span> <span class='ocrx_word' id='word_1_115' title='bbox 1355 2492 1422 2562; x_wconf 84' lang='lat' dir='ltr'>Hip-</span> 
     </span>
     <span class='ocr_line' id='line_1_13' title="bbox 350 2579 1420 2654; baseline -0.003 -19"><span class='ocrx_word' id='word_1_116' title='bbox 350 2583 435 2654; x_wconf 82' lang='lat' dir='ltr'>polyti</span> <span class='ocrx_word' id='word_1_117' title='bbox 459 2584 616 2654; x_wconf 87' lang='lat' dir='ltr'>quandoque</span> <span class='ocrx_word' id='word_1_118' title='bbox 634 2582 760 2638; x_wconf 88' lang='lat' dir='ltr'>derelicta</span> <span class='ocrx_word' id='word_1_119' title='bbox 778 2593 817 2635; x_wconf 88' lang='lat' dir='ltr'>est</span> <span class='ocrx_word' id='word_1_120' title='bbox 836 2581 927 2636; x_wconf 86' lang='lat' dir='ltr'>favore</span> <span class='ocrx_word' id='word_1_121' title='bbox 945 2581 1007 2636; x_wconf 88' lang='lat' dir='ltr'>edit.</span> <span class='ocrx_word' id='word_1_122' title='bbox 1026 2579 1169 2634; x_wconf 90' lang='lat' dir='ltr'>Dunckerii</span> <span class='ocrx_word' id='word_1_123' title='bbox 1190 2580 1227 2650; x_wconf 85' lang='lat' dir='ltr'>[v.</span> <span class='ocrx_word' id='word_1_124' title='bbox 1245 2598 1271 2652; x_wconf 88' lang='lat' dir='ltr'>g.</span> <span class='ocrx_word' id='word_1_125' title='bbox 1291 2580 1311 2645; x_wconf 89' lang='lat'>1,</span> <span class='ocrx_word' id='word_1_126' title='bbox 1331 2594 1375 2645; x_wconf 77' lang='lat'>24,</span> <span class='ocrx_word' id='word_1_127' title='bbox 1399 2597 1420 2645; x_wconf 89' lang='lat'>1,</span> 
     </span>
     <span class='ocr_line' id='line_1_14' title="bbox 350 2669 1420 2742; baseline -0.004 -17"><span class='ocrx_word' id='word_1_128' title='bbox 350 2679 481 2740; x_wconf 77' lang='grc' dir='ltr'><strong>φωτεινῆς</strong></span> <span class='ocrx_word' id='word_1_129' title='bbox 500 2689 547 2742; x_wconf 88' lang='lat' dir='ltr'>pro</span> <span class='ocrx_word' id='word_1_130' title='bbox 566 2678 677 2739; x_wconf 74' lang='grc' dir='ltr'>φαεινῆς</span> <span class='ocrx_word' id='word_1_131' title='bbox 696 2671 768 2741; x_wconf 85' lang='lat' dir='ltr'>(cod.</span> <span class='ocrx_word' id='word_1_132' title='bbox 789 2671 902 2742; x_wconf 64' lang='lat' dir='ltr'>prolana)</span> <span class='ocrx_word' id='word_1_133' title='bbox 920 2687 953 2724; x_wconf 87' lang='lat' dir='ltr'>eo</span> <span class='ocrx_word' id='word_1_134' title='bbox 977 2669 1047 2740; x_wconf 93' lang='lat' dir='ltr'>quod</span> <span class='ocrx_word' id='word_1_135' title='bbox 1072 2669 1128 2740; x_wconf 87' lang='lat' dir='ltr'>ipsa</span> <span class='ocrx_word' id='word_1_136' title='bbox 1147 2685 1199 2722; x_wconf 83' lang='lat' dir='ltr'>vox</span> <span class='ocrx_word' id='word_1_137' title='bbox 1225 2669 1361 2722; x_wconf 77' lang='lat' dir='ltr'>«lucidas</span> <span class='ocrx_word' id='word_1_138' title='bbox 1387 2669 1420 2721; x_wconf 86' lang='lat' dir='ltr'>ab</span> 
     </span>
     <span class='ocr_line' id='line_1_15' title="bbox 351 2757 1419 2832; baseline -0.002 -20"><span class='ocrx_word' id='word_1_139' title='bbox 351 2761 383 2814; x_wconf 94' lang='lat' dir='ltr'>lr.</span> <span class='ocrx_word' id='word_1_140' title='bbox 403 2761 423 2825; x_wconf 89' lang='grc' dir='ltr'>Ι,</span> <span class='ocrx_word' id='word_1_141' title='bbox 442 2776 468 2827; x_wconf 88' lang='grc'>4,</span> <span class='ocrx_word' id='word_1_142' title='bbox 492 2777 506 2814; x_wconf 89' lang='lat'><em>2</em></span> <span class='ocrx_word' id='word_1_143' title='bbox 524 2760 563 2832; x_wconf 83' lang='lat' dir='ltr'>(p.</span> <span class='ocrx_word' id='word_1_144' title='bbox 586 2763 649 2831; x_wconf 83' lang='lat' dir='ltr'>roo)</span> <span class='ocrx_word' id='word_1_145' title='bbox 664 2763 779 2828; x_wconf 70' lang='lat' dir='ltr'>poscetur]</span> <span class='ocrx_word' id='word_1_146' title='bbox 796 2759 940 2829; x_wconf 66' lang='lat' dir='ltr'>reddatur}</span> <span class='ocrx_word' id='word_1_147' title='bbox 987 2759 1055 2812; x_wconf 89' lang='lat' dir='ltr'>Hinc</span> <span class='ocrx_word' id='word_1_148' title='bbox 1074 2757 1148 2812; x_wconf 83' lang='lat' dir='ltr'>litut</span> <span class='ocrx_word' id='word_1_149' title='bbox 1166 2770 1254 2812; x_wconf 85' lang='lat' dir='ltr'>textus</span> <span class='ocrx_word' id='word_1_150' title='bbox 1270 2775 1349 2828; x_wconf 89' lang='lat' dir='ltr'>quem</span> <span class='ocrx_word' id='word_1_151' title='bbox 1374 2757 1419 2810; x_wconf 87' lang='lat' dir='ltr'>da-</span> 
     </span>
     <span class='ocr_line' id='line_1_16' title="bbox 349 2847 1419 2921; baseline -0.004 -19"><span class='ocrx_word' id='word_1_152' title='bbox 349 2868 409 2903; x_wconf 89' lang='lat' dir='ltr'>mus</span> <span class='ocrx_word' id='word_1_153' title='bbox 424 2868 484 2904; x_wconf 82' lang='lat' dir='ltr'>cuni</span> <span class='ocrx_word' id='word_1_154' title='bbox 498 2851 570 2904; x_wconf 87' lang='lat' dir='ltr'>nulla</span> <span class='ocrx_word' id='word_1_155' title='bbox 585 2867 617 2904; x_wconf 85' lang='lat' dir='ltr'>ex</span> <span class='ocrx_word' id='word_1_156' title='bbox 634 2849 849 2921; x_wconf 87' lang='lat' dir='ltr'>praecedentibus</span> <span class='ocrx_word' id='word_1_157' title='bbox 864 2848 1022 2902; x_wconf 91' lang='lat' dir='ltr'>editionibus</span> <span class='ocrx_word' id='word_1_158' title='bbox 1042 2848 1248 2902; x_wconf 88' lang='lat' dir='ltr'>adamussim</span> <span class='ocrx_word' id='word_1_159' title='bbox 1267 2847 1419 2901; x_wconf 89' lang='lat' dir='ltr'>conveniat.</span> 
     </span>
    </p>
   </div>
   <div class='ocr_carea' id='block_1_3' title="bbox 458 3009 988 3081">
    <p class='ocr_par' dir='ltr' id='par_1_5' title="bbox 458 3009 988 3081">
     <span class='ocr_line' id='line_1_17' title="bbox 458 3009 988 3081; baseline -0.002 -19"><span class='ocrx_word' id='word_1_160' title='bbox 458 3010 568 3076; x_wconf 90' lang='lat' dir='ltr'>Romae,</span> <span class='ocrx_word' id='word_1_161' title='bbox 589 3009 659 3064; x_wconf 86' lang='lat' dir='ltr'>feriis</span> <span class='ocrx_word' id='word_1_162' title='bbox 677 3009 847 3063; x_wconf 86' lang='lat' dir='ltr'>Paschalibus</span> <span class='ocrx_word' id='word_1_163' title='bbox 866 3027 889 3062; x_wconf 88' lang='lat' dir='ltr'>a.</span> <span class='ocrx_word' id='word_1_164' title='bbox 913 3025 988 3081; x_wconf 81' lang='lat'>1907.</span> 
     </span>
    </p>
   </div>
   <div class='ocr_carea' id='block_1_4' title="bbox 959 3203 1349 3257">
    <p class='ocr_par' dir='ltr' id='par_1_6' title="bbox 959 3203 1349 3257">
     <span class='ocr_line' id='line_1_18' title="bbox 959 3203 1349 3257; baseline -0.005 0"><span class='ocrx_word' id='word_1_165' title='bbox 959 3204 1016 3257; x_wconf 90' lang='lat' dir='ltr'>Sac.</span> <span class='ocrx_word' id='word_1_166' title='bbox 1035 3203 1166 3257; x_wconf 78' lang='lat' dir='ltr'>Uantous</span> <span class='ocrx_word' id='word_1_167' title='bbox 1185 3203 1349 3256; x_wconf 70' lang='lat' dir='ltr'>Minnucci</span> 
     </span>
    </p>
   </div>
   <div class='ocr_carea' id='block_1_5' title="bbox 0 0 1593 5044">
    <p class='ocr_par' dir='ltr' id='par_1_7' title="bbox 0 0 1593 5044">
     <span class='ocr_line' id='line_1_19' title="bbox 0 0 1593 5044; baseline 0 0"><span class='ocrx_word' id='word_1_168' title='bbox 0 0 1593 5044; x_wconf 95' lang='lat' dir='ltr'> </span> 
     </span>
    </p>
   </div>
  </div>
 </body>
</html>
