3288 5060
248 456 333 522 (Xlll,
349 457 434 527 1-2),]
670 455 760 502 LIBER
784 454 898 502 PRIMUS
1193 479 1194 484 =
1252 455 1312 522 231

248 651 373 716 Patrem
387 647 588 716 annuntiabat
602 648 657 714 eis.
697 648 735 713 Et
749 663 875 736 propter
894 647 955 713 hoc
978 649 1122 714 emisisse
1146 646 1317 736 discipulos

248 759 280 823 in
302 755 470 824 duodecim
485 752 594 837 tribus,
611 755 829 821 annuntiantes
849 755 993 842 ignotum
1013 757 1059 822 eis
1079 754 1239 822 Deum.(¹)
1277 755 1318 822 Et

247 865 276 930 ei
293 865 347 951 qui
365 861 493 930 dixisset
510 862 570 928 illi:
596 862 775 950 «Magister
795 862 876 928 bone
888 886 920 942 >›;
941 885 1026 945 eum,
1045 863 1099 951 qui
1122 884 1196 928 vere
1215 859 1317 929 bonus

247 985 328 1036 esset
348 968 445 1050 Deus,
462 966 644 1034 confessum
659 990 726 1034 esse
745 967 1005 1056 respondentem:
1031 967 1147 1050 «Quid
1167 991 1219 1034 me
1238 966 1316 1034 dicis

250 1103 266 1140 u
284 1073 427 1142 bonurn?
460 1098 541 1140 unus
571 1091 618 1140 est
651 1073 762 1155 bonus,
794 1075 885 1140 Pater
915 1076 947 1140 in
980 1075 1073 1140 caelis
1093 1075 1165 1140 νιν)
1203 1074 1317 1142 Caelos

247 1200 353 1250 autent
377 1204 460 1248 nunc
483 1183 609 1248 Aeonas
623 1180 723 1248 dictos
738 1180 856 1248 dicunt.
903 1181 942 1247 Et
965 1198 1092 1270 propter
1107 1181 1167 1248 hoc
1187 1204 1252 1247 non
1268 1203 1318 1246 re-

247 1287 412 1377 spondisse
426 1289 482 1367 eis,
497 1289 552 1376 qui
568 1289 595 1352 ei
611 1285 766 1368 dixerunt,
791 1313 806 1350 (ι
819 1287 854 1354 In
869 1311 930 1376 qua
942 1289 1057 1354 uirtute
1074 1286 1134 1353 hoc
1151 1286 1274 1353 fatisia
1284 1286 1318 1340 (³)

248 1393 301 1462 sed
318 1419 335 1461 e
350 1395 507 1461 contrario
522 1395 767 1481 interrogatione
787 1417 842 1460 sua
866 1411 1082 1460 consternasse
1106 1417 1172 1475 εοε,
1196 1395 1319 1459 inenar-

248 1500 343 1567 rabile
370 1501 481 1581 Patris,
509 1501 542 1567 in
569 1499 714 1588 eoquod
740 1523 804 1566 non
826 1497 950 1581 dixerit,
974 1499 1149 1567 ostendisse
1171 1522 1246 1565 eum
1269 1500 1318 1564 in-

247 1625 464 1696 terpretantur.
523 1607 583 1676 Sed
607 1609 692 1674 etin
716 1631 755 1674 eo
777 1606 862 1696 quod
889 1607 1021 1676 dixerit:
1055 1609 1213 1695 «Saepius
1242 1630 1318 1673 con-

254 1714 386 1802 «cupivi
419 1711 525 1779 audire
556 1735 656 1778 unurn
679 1735 717 1778 ex
747 1711 947 1779 sermonibus
974 1714 1053 1794 istis,
1076 1730 1107 1779 et
1134 1735 1199 1780 non
1222 1710 1316 1779 habui

254 1847 269 1883 ι
283 1821 337 1909 qui
359 1818 474 1886 diceret
499 1819 588 1900 mihi,
607 1820 670 1881 »(⁴)
701 1818 928 1887 manifestantis
951 1819 1059 1887 dicunt
1082 1843 1151 1886 esse
1175 1842 1229 1908 per
1253 1819 1314 1886 hoc

255 1949 410 1993 «unum»
432 1949 506 1992 euin
521 1927 575 2014 qui
592 1927 631 1992 sit
646 1949 719 1994 vere
736 1949 816 1992 unus
833 1927 931 2006 DeuS,
948 1949 1043 2014 quem
1069 1950 1135 1993 non
1159 1949 1319 2015 cognove-

248 2088 415 2174 ιήγγελλεν
435 2091 551 2166 αὐτοῖς·
575 2090 628 2174 καὶ
650 2089 699 2151 διὰ
721 2081 812 2153 τοῦτο
832 2085 985 2172 ἐκπέμψαι
1012 2093 1082 2165 τοὺς
1108 2088 1248 2171 μαθητὰς
1277 2087 1319 2164 εἰς

247 2199 301 2272 τὰς
312 2194 431 2260 δώδεκα
442 2194 548 2279 φυλὰς,
559 2195 765 2280 κηρύσσοντας
776 2198 827 2258 τὸν
839 2197 992 2278 ἄγνωστον
1007 2196 1105 2270 αὐτοῖς
1117 2193 1206 2258 Θεὸν.
1255 2192 1319 2258 Kat

248 2311 290 2386 τῷ
312 2303 422 2366 εἰπόντι
444 2305 535 2386 οιίτῷ,
565 2327 580 2363 «
594 2301 767 2366 Διδίισκοιλε
799 2299 901 2385 ἀγαθέ
914 2326 946 2382 n,
971 2303 1021 2364 τὸν
1045 2301 1170 2386 ἀληθῶς
1198 2299 1320 2385 ἀγαθὸν

248 2407 326 2474 Θεὸν
348 2406 577 2494 ὡμολογηκέναι
590 2403 729 2487 -εἰπόντοι,
755 2431 770 2468 ι(
783 2405 823 2470 Τί
840 2427 878 2490 με
896 2405 995 2492 λέγεις
1018 2406 1152 2492 &rabbu
1173 2407 1214 2482 εἷς
1238 2406 1317 2470 ἐστὶν

254 2515 410 2600 «ἀγαθὸς,
434 2515 451 2579 ὁ
475 2514 581 2599 Πατὴρ
603 2515 635 2580 ἐν
654 2523 714 2590 τοῖς
732 2515 866 2599 οὐρανοῖς
878 2538 909 2577 n.
956 2511 1107 2596 Οὐρανοὺς
1126 2514 1160 2576 δὲ
1179 2521 1230 2574 νῦν
1250 2515 1320 2588 τοὺς

248 2621 365 2700 Αἰῶνοις
393 2621 534 2706 εἰρῆσθαι
561 2619 695 2706 λέγουσι
749 2618 811 2684 Καὶ
834 2619 882 2688 διὰ
905 2621 939 2684 τὸ
962 2622 1003 2704 μὴ
1032 2619 1234 2704 ἀποκριθῆναι
1257 2627 1318 2695 τοῖς

248 2730 380 2792 εἰποῦσιν
397 2729 489 2812 αὐτῷ,
515 2727 598 2792 «Ἐν
620 2726 692 2811 ποίᾳ
714 2725 836 2810 δυνάμει
858 2735 947 2790 τοῦτο
962 2735 1069 2808 ποιει;;
1086 2749 1101 2785 »
1119 2725 1200 2789 ἀλλὰ
1215 2735 1252 2808 τῇ
1268 2727 1318 2788 ἀν-

248 2834 446 2920 τειτερωτέρει
469 2835 619 2918 ἀπορῆσαι
643 2834 759 2914 αὐτοὺς,
783 2836 816 2896 τὸ
840 2831 967 2916 ᾰῤῥητον
988 2841 1042 2896 τοῦ
1065 2830 1195 2915 Πατρὸς,
1220 2830 1317 2914 ἐντῷ

249 2945 290 3026 μὴ
306 2941 407 3024 εἰπεῖν,
423 2939 588 3026 ostentm
604 2942 692 3003 αὐτὸν
708 2939 890 3023 ἐξηγοῦνται.
939 2936 1041 3002 Ἀλλὰ
1059 2941 1111 3001 καὶ
1129 2940 1161 3001 ὲν
1180 2947 1221 3020 τῷ
1241 2937 1318 3021 εἰρη·

248 3047 343 3131 κέναι,
364 3045 550 3124 «Πολλάκις
568 3045 751 3138 ἐπεθύμησα
768 3047 897 3109 ἀκοῦσαι
915 3046 968 3108 ἕνα
989 3053 1050 3108 τῶν
1072 3043 1173 3128 λόγων
1194 3043 1316 3123 τούτων,

256 3181 271 3214 u
283 3156 334 3218 καὶ
349 3155 405 3218 οὐκ
421 3153 515 3238 ἔσχον
533 3156 584 3216 τον
602 3153 768 3246 ἐροῦντα»,
788 3147 981 3236 ἐμοσίνοντὸς
996 3171 1086 3234 φασιν
1103 3152 1178 3214 εἶναι
1197 3149 1245 3212 διὰ
1263 3158 1317 3213 τοῦ

253 3287 267 3323 «
283 3261 348 3338 ἑνὸς
362 3285 379 3320 u
395 3263 446 3324 τὸν
461 3259 586 3344 ἀληθῶς
601 3261 654 3322 ἕνα
669 3257 756 3354 Θεὸν,
769 3259 807 3330 ,ὃν
821 3259 879 3322 οὐκ
895 3256 1087 3342 ὲγνὼιιεισαν.
1134 3254 1204 3320 Ἔτι
1221 3257 1253 3320 ἐν
1275 3264 1317 3338 τῷ

286 3426 327 3492 (ι)
337 3422 549 3488 Cfr.Mnr·rrr.X,
558 3438 567 3475 1
577 3439 638 3475 curn
648 3430 770 3496 synopt·
809 3423 882 3475 iactas
897 3421 1013 3474 notabiles
1029 3437 1043 3472 a
1061 3420 1316 3473 Wesrcorr-Hortr

286 3509 326 3577 (a)
345 3506 399 3562 cfr.
419 3507 490 3572 VIII,
511 3523 535 3575 3,
554 3525 578 3578 p.
596 3509 652 3575 13⁴3.
690 3505 755 3559 Ver·
796 3506 972 3559 adscribitur.
1020 3503 1075 3558 Ctr.
1099 3504 1174 3557 ler.
1196 3504 1231 3568 V,
1253 3519 1315 3572 1,7

250 3609 293 3645 sus
317 3593 367 3645 hac
392 3592 495 3645 ratione
519 3591 603 3658 (idem
623 3592 649 3643 in
678 3589 754 3643 Hrrr’.
809 3589 926 3658 (Cruice,
947 3607 971 3659 p.
993 3590 1061 3655 150).

250 3675 342 3730 Philas.
353 3675 386 3740 V,
396 3692 417 3740 1,
426 3677 455 3744 7)
465 3676 492 3728 In
502 3675 592 3728 Bibliis
601 3693 656 3728 non
666 3688 705 3728 est
714 3683 754 3738 3at
843 3677 886 3743 (3)
896 3673 1008 3726 Marrrr.
1019 3672 1091 3737 XXI,
1106 3687 1148 3740 233
1165 3671 1256 3726 Marte.
1268 3671 1315 3737 XI,

250 3761 364 3830 primunr
378 3777 484 3813 comma
494 3759 565 3826 Quid
571 3759 705 3812 -bomcmi
715 3769 755 3811 est
808 3758 856 3822 283
868 3757 934 3810 Luc.
945 3757 1005 3822 XX,
1018 3772 1041 3821 2,
1052 3757 1095 3828 qui
1108 3773 1203 3810 omnes
1216 3755 1315 3809 habent

249 3861 282 3898 ex
294 3845 386 3900 Marte.
401 3845 435 3908 X,
455 3859 495 3912 17,
514 3845 627 3896 alterurn
643 3857 706 3896 vero
722 3839 755 3895 eri
809 3843 915 3909 ἐξουσίᾳ
933 3843 993 3894 loco
1012 3843 1121 3906 ουνοὶμιι
1140 3838 1198 3910 (cfr.
1219 3839 1315 3892 iterum

249 3927 361 3980 ΜΑττιι.
381 3927 453 3992 ΧΙΧ,
470 3943 500 3995 17
520 3927 562 3980 cui
575 3925 755 3996 adiunguntur
809 3943 876 3980 vers.
896 3931 973 3998 syn).
1022 3925 1064 3976 Ad
1090 3924 1126 3975 rei
1150 3923 1314 3976 intellectum

249 4013 328 4066 verba
358 4009 435 4064 Pater
468 4013 494 4063 in
525 4011 607 4064 coelis.
662 4009 754 4062 Enna
809 4011 867 4080 lege
886 4026 974 4062 sacros
993 4019 1088 4062 textus.

249 4095 341 4164 (Haer.
361 4095 446 4164 XLII)
459 4097 524 4149 haec
539 4094 670 4148 addidisse
685 4093 755 4146 Mar·
844 4097 888 4162 (4)
908 4093 938 4145 In
956 4091 1096 4162 Scripturis
1121 4107 1175 4143 non
1195 4100 1248 4153 est;
1268 4088 1314 4142 cs.

249 4181 355 4233 cionem
375 4191 494 4234 testatur.
526 4179 617 4233 Lectio
632 4179 702 4232 inter
717 4175 754 4230 ιι-
809 4175 1051 4247 Ιλεεονι,,Αξιόρλο
1069 4177 1173 4246 (1907),
1188 4191 1212 4246 p.
1237 4188 1293 4244 179.
