3172 5044
272 409 311 474 14
685 406 925 452 PROLEGOMENA

266 609 381 681 bente
411 607 457 684 Ir.
487 604 550 703 qui
586 605 637 678 ait
666 603 853 678 Valentini
888 619 1036 678 errores
1064 601 1339 701 recapitulatio-

192 709 195 716 ⁴
268 757 353 804 nem
376 756 459 804 esse
479 729 647 804 omnium
665 729 968 803 antecedentium
1000 730 1207 803 haereseon
1234 731 1341 826 (qua-

266 872 422 954 propter
458 854 597 952 pluries
639 879 680 927 se
720 864 847 927 contre
883 879 1004 928 omnes
1046 854 1244 927 haereticos
1285 853 1338 927 ait

267 982 478 1077 decertare)
488 1007 496 1065 ;
527 980 565 1053 in
593 995 786 1077 comperto
825 994 883 1053 est
919 981 1019 1052 enim
1052 980 1097 1052 lr.
1133 1006 1202 1052 suo
1231 979 1336 1077 operi

265 1104 413 1177 titulum
437 1102 694 1201 praemisisse:
724 1109 879 1195 Ἔλεγχος
897 1111 948 1172 καὶ
973 1110 1126 1194 ἀνατροπὴ
1146 1119 1198 1192 τῆς
1227 1109 1337 1192 ψευδο-

265 1235 359 1318 νὺμου
382 1233 522 1320 γνώσεως
559 1227 715 1324 (Euseb.
754 1227 808 1300 H.
837 1228 884 1300 E.
917 1227 961 1311 V,
996 1231 1035 1325 7)
1072 1250 1186 1324 quem
1223 1225 1337 1302 latina

264 1352 389 1426 versio
417 1353 523 1426 etiert
552 1351 684 1448 (praei.
715 1350 776 1424 lib.
808 1351 877 1449 lV)
906 1353 949 1424 de
975 1353 1166 1426 detectione
1191 1362 1226 1424 et
1242 1378 1337 1426 ever-

266 1479 365 1550 sione
387 1477 496 1572 salso
536 1477 810 1574 cognominatae
851 1477 1083 1572 agnitionis:
1122 1474 1190 1549 nisi
1234 1478 1336 1574 quod

266 1601 379 1675 nimia
407 1600 565 1674 fidelitas
593 1598 773 1673 vertentis
802 1625 876 1674 non
911 1617 1013 1674 recte
1051 1625 1147 1698 quae
1176 1585 1223 1673 sit
1252 1627 1336 1699 ger·

265 1750 378 1799 mana
404 1751 510 1800 mens
539 1727 596 1810 lr.,
635 1724 757 1823 primo
784 1726 917 1798 saltem
946 1726 1089 1810 obtutu,
1121 1726 1333 1825 patefaciat.

264 1849 414 1924 Nemini
430 1849 528 1923 enim
549 1851 703 1923 dubium
722 1849 792 1923 erit
812 1851 856 1922 lr.
877 1850 1001 1924 verbis
1022 1852 1048 1924 1.
1080 1853 1178 1926 Tim.
1203 1851 1266 1935 Vl,
1288 1873 1336 1924 20

264 1974 448 2048 haeresim
468 1974 668 2072 designare
689 1999 801 2070 quarn
817 1990 989 2048 concrete
1007 1975 1234 2049 recentiores
1254 2000 1337 2048 om-

265 2124 331 2172 nes
359 2098 517 2173 Gnosim
546 2097 746 2195 appellant.
804 2099 915 2171 Hunc
946 2099 1059 2196 igitur
1077 2125 1233 2197 scopum
1264 2098 1335 2172 sibi

265 2223 491 2319 praestituit:
523 2225 704 2322 detegere
732 2227 905 2321 (ἐλέγχειν)
926 2225 1276 2320 portentuosissima
1303 2233 1337 2296 et

262 2349 452 2421 altissima
480 2349 658 2446 mysteria
686 2348 1028 2432 Gnosticorum,
1061 2347 1243 2445 inprimis
1262 2346 1335 2420 Va·

262 2473 390 2546 lentini
420 2473 576 2572 eiusque
601 2473 877 2572 discipulorum,
894 2471 928 2524 (¹)
956 2473 1019 2571 qui
1049 2473 1150 2570 ipsos
1180 2471 1335 2558 Provin-

262 2597 341 2670 ciae
371 2598 500 2671 fideles
520 2598 670 2671 inficere
689 2623 757 2671 sua
775 2598 860 2671 labe
884 2613 1087 2694 coeperant
1107 2597 1147 2694 (Ι.
1165 2597 1192 2683 Ι,
1215 2623 1247 2676 c.
1275 2621 1331 2690 13,

263 2746 296 2792 n.
321 2745 340 2813 3
363 2737 401 2794 et
421 2722 461 2794 sr.
484 2747 557 2816 syr.
583 2719 649 2823 28)
678 2722 886 2818 eademque
916 2721 1093 2814 refellere;
1125 2721 1228 2817 quod
1258 2721 1334 2794 effi-

262 2845 365 2917 ciens
393 2845 505 2918 etiam
533 2843 655 2918 arnico
675 2843 822 2918 cuidam
851 2871 894 2919 ac
923 2844 1107 2943 conlegae
1127 2845 1262 2943 (prael.
1285 2844 1334 2918 ad

262 2970 285 3048 l.
306 2966 339 3070 l)
359 2995 502 3044 morem
521 2987 630 3068 geret
658 2971 754 3044 hanc
773 2972 807 3044 ei
820 2973 1121 3067 procurationem
1148 2970 1334 3044 scribendi

261 3095 339 3189 (ΙΙΙ,
369 3117 425 3192 17,
456 3091 493 3197 1)
521 3095 778 3169 committenti.

342 3219 450 3317 Opus
480 3221 551 3292 hoc
585 3221 629 3291 lr.
660 3219 797 3318 duplici
835 3219 929 3294 libro
964 3219 1160 3294 absolvere
1198 3217 1334 3292 consti·

260 3359 400 3417 tuerat:
434 3344 469 3417 in
500 3343 620 3441 primo
649 3342 727 3417 salsi
768 3343 927 3417 nominis
964 3344 1112 3442 gnosim
1141 3354 1330 3440 exponere,

259 3467 295 3541 in
325 3469 444 3542 altero
472 3471 645 3542 eamdem
674 3480 829 3543 evertere
849 3471 981 3566 (prael.
1003 3469 1064 3543 lib.
1088 3470 1157 3566 ll);
1189 3493 1330 3553 verum,

259 3593 349 3666 dum
379 3594 563 3667 eversioni
592 3596 719 3668 studet
746 3620 806 3668 res
846 3595 883 3667 in
922 3595 1145 3668 immensum
1176 3593 1329 3667 crescit:

260 3721 423 3792 rationes
438 3719 537 3793 enim
552 3719 647 3793 libro
667 3721 697 3791 ll
718 3721 925 3818 expositae,
943 3720 976 3793 ei
997 3721 1143 3794 hiulcae
1158 3721 1334 3793 videntur

260 3843 328 3916 nisi
358 3843 471 3918 etiam
509 3845 769 3942 <praedicatio
806 3842 1073 3942 apostolorum,
1105 3861 1145 3917 et
1178 3841 1333 3916 Domini

328 4042 371 4110 (1)
389 4041 466 4111 Apud
482 4041 598 4094 Cranen
611 4041 718 4110 (Cuteno
733 4043 758 4093 in
773 4041 843 4104 Act.)
861 4039 894 4093 A.
909 4040 944 4094 H.
959 4040 1005 4104 ΙΙΙ,
1019 4055 1059 4105 12,
1077 4057 1085 4093 1
1100 4041 1196 4093 citatur
1209 4057 1241 4093 ex
1255 4053 1336 4109 opere

255 4129 326 4178 κατὰ
346 4126 550 4196 ΟὐαλεντΙΙνΙου
569 4131 616 4179 καὶ
634 4125 791 4198 Μαρκίωνος
811 4127 873 4196 [leg.
895 4125 1029 4195 Μαρκοῦ].
