3238 5090
161 509 331 579 XL1‚1-3).]
557 513 647 558 trusa
670 511 835 558 sucuuous
1164 513 1225 578 433

160 704 288 796 quidem
307 703 453 787 dicimus
476 721 506 771 et
531 704 672 772 fortassis
695 707 847 786 suasoria,
871 705 1012 773 fortassis
1035 723 1140 774 autem
1164 729 1229 774 nou

160 813 316 879 suasoria:
340 810 425 899 quod
448 827 554 877 autem
578 834 690 877 verum
713 827 771 891 est,
810 828 839 878 et
874 829 1007 894 certum,
1035 830 1065 880 et
1088 811 1229 896 firmum,

161 919 277 986 adiacet
308 919 388 984 Deo.
399 917 433 972 (¹)
479 917 605 984 Sed-et
639 917 817 984 volatilium
849 919 1034 986 animalium
1069 918 1229 1000 habitatio,

160 1049 271 1092 eorum
294 1047 373 1113 quae
396 1025 479 1091 veris
502 1041 646 1112 tempore
669 1025 840 1092 adveniunt
862 1025 901 1092 ad
925 1049 995 1106 nos,
1014 1027 1157 1093 autumni
1175 1051 1230 1093 au-

161 1149 225 1198 tem
249 1148 390 1219 tempore
421 1132 527 1196 statim
561 1127 718 1206 recedunt,
742 1152 842 1218 quum
875 1133 907 1197 iu
940 1130 1000 1198 hoc
1024 1129 1145 1198 mundo
1167 1133 1229 1198 hoc

161 1237 265 1326 ipsum
290 1234 353 1316 liat,
378 1234 457 1322 fugit
479 1249 621 1300 nostram
644 1235 861 1300 scientiam.<²)
906 1233 994 1316 Quid
1022 1253 1128 1302 autem
1157 1259 1231 1324 pos-

162 1365 273 1409 sumus
296 1364 451 1430 exponere
473 1339 512 1408 de
536 1342 645 1407 oceani
669 1363 794 1407 accessu
819 1358 849 1407 et
873 1363 1008 1424 recessu,
1031 1365 1130 1430 quum
1154 1366 1231 1409 con·

162 1467 221 1516 stet
244 1473 312 1516 esse
328 1465 445 1515 certam
465 1469 590 1514 causam
600 1449 613 1514 ?
624 1447 658 1502 (n
703 1447 832 1530 Quidve
848 1447 886 1516 de
902 1449 951 1515 his
966 1473 1045 1538 quae
1060 1450 1141 1516 ultra
1156 1473 1230 1516 eum

163 1573 234 1623 sunt
257 1557 430 1636 enuntiare,
452 1555 554 1642 qualia
578 1555 704 1620 sint?(⁴l
750 1555 810 1620 Vel
833 1553 907 1643 quid
931 1554 1034 1623 dicere
1049 1579 1230 1644 possumus,

163 1661 326 1751 quomodo
353 1662 487 1750 pluviae,
520 1678 551 1727 et
581 1662 824 1742 coruscationes
848 1678 879 1728 et
910 1664 1059 1744 tonitrua,
1082 1680 1113 1730 et
1136 1663 1232 1730 colle·

163 1772 283 1837 ctiones
313 1767 458 1849 nubium,
488 1784 519 1834 et
542 1767 684 1850 nebulae,
708 1784 738 1834 et
769 1784 940 1834 ventorum
971 1770 1170 1851 emissiones,
1201 1785 1231 1836 et

164 1877 278 1943 similia
300 1876 360 1956 his,
384 1873 576 1941 efficiuntur:
597 1875 779 1942 annuntiare
795 1898 920 1964 quoque
943 1893 973 1942 et
997 1875 1160 1942 thesauros
1184 1878 1232 1943 ni-

164 1986 263 2062 vium,
287 1999 319 2049 et
340 1979 511 2070 grandinis,
535 1997 564 2046 et
589 2003 700 2048 eorum
719 2003 798 2069 quae
814 1981 862 2047 his
879 1983 1023 2070 proxima
1042 1999 1132 2050 sunt:
1151 2005 1231 2071 quae

164 2090 239 2156 haec
263 2105 368 2156 autem
401 2087 532 2155 nubium
564 2089 766 2176 praeparati0‚
797 2105 850 2155 aut
881 2091 936 2176 qui
970 2105 1068 2156 status
1091 2088 1232 2172 nebulae,

163 2221 242 2288 quae
265 2214 370 2263 autem
394 2219 487 2262 causa
510 2213 557 2262 est
580 2218 752 2284 perquam
775 2198 887 2263 crescit
910 2197 994 2276 luna,
1018 2213 1049 2262 et
1069 2194 1232 2278 decrescit,

165 2323 216 2372 aut
238 2327 318 2393 quae
341 2327 433 2370 causa
452 2325 603 2391 aquarum
626 2303 801 2386 distantiae,
825 2321 855 2370 et
879 2302 1091 2386 metallorum,
1110 2319 1140 2370 et
1156 2303 1233 2391 lapi-

163 2412 250 2492 dum,
274 2427 304 2478 et
328 2410 376 2476 his
400 2410 573 2477 similium?
641 2411 677 2476 ln
701 2409 749 2476 his
773 2409 922 2476 omnibus
949 2433 1008 2476 uos
1031 2408 1159 2498 quidem
1185 2411 1232 2478 lo-

164 2541 277 2607 quaces
289 2519 418 2597 erimus
432 2517 623 2605 requirentes
636 2539 745 2583 causas
758 2539 886 2583 eorum:
910 2518 963 2605 qui
987 2533 1092 2582 autem
1109 2540 1144 2584 ea
1161 2515 1233 2583 lacit

165 2626 251 2692 solus
267 2625 355 2690 Deus
371 2623 526 2690 veridicus
546 2641 602 2688 est.

234 2753 262 2816 3.
287 2731 320 2797 Si
344 2730 460 2816 ergo(⁵)
478 2731 557 2796 etin
582 2728 673 2795 rebus
692 2745 850 2794 creaturae
866 2727 1018 2815 quaedam
1035 2725 1162 2816 quidem
1179 2751 1233 2794 eo-

165 2860 237 2904 rum
261 2835 400 2902 adiacent
423 2835 505 2914 Dea,
524 2833 678 2922 quaedam
698 2850 804 2900 autem
821 2851 851 2899 et
866 2834 898 2900 in
915 2850 1056 2900 nostram
1079 2849 1233 2900 venerunt

234 2999 263 3064 3.
283 2979 320 3042 El
338 2979 391 3042 καὶ
409 2977 458 3042 ἐπὶ
476 2987 534 3042 τῶν
552 2987 604 3062 τῆς
622 2977 749 3054 κτίσεως
767 2978 832 3042 ἔνια
851 2979 904 3062 μὲν
924 2976 1078 3050 ἀνάκειται
1093 2985 1136 3060 τῷ
1152 2975 1232 3060 Θεῷ,

164 3089 228 3152 ἔνια
251 3086 284 3150 δὲ
307 3087 359 3148 καὶ
381 3085 422 3162 εἰς
444 3091 554 3170 γνῶσιν
576 3084 711 3168 ἐλήλυθε
733 3086 787 3168 τὴν
809 3081 968 3168 ἡμετέραν,
992 3083 1020 3146 τί
1041 3083 1188 3168 χαλεπὸν,
1207 3083 1235 3148 εἰ

202 3228 244 3295 (1)
263 3225 317 3280 Clr.
336 3226 369 3279 de
387 3225 428 3278 his
452 3242 477 3277 v.
497 3242 522 3296 g.
546 3225 613 3277 Αετ.
633 3223 673 3276 De
727 3223 1142 3295 inPsalm.LXVlll;exquibus
1153 3223 1234 3295 liquet

161 3309 565 3384 plar.lV;PL1u.Hist.Nat.
586 3308 620 3374 V,
640 3323 671 3378 9;
727 3310 881 3380 opinionem
906 3309 1038 3363 veteribus
1064 3307 1143 3362 fuisse
1161 3321 1235 3362 trans

166 3397 285 3449 Dtooou.
316 3393 382 3448 Hist.
416 3393 436 3460 1,
467 3409 498 3458 4;
531 3393 671 3446 Sanasou.
727 3393 820 3447 oceani
836 3393 1045 3446 immensitatem
1063 3393 1129 3445 alias
1144 3391 1233 3446 haberi

167 3480 260 3552 Geogr.
277 3477 367 3544 xv11;
386 3479 584 3532 conclusionem
597 3495 672 3531 suam
727 3489 812 3532 terras
825 3476 917 3544 (luserl
928 3489 953 3530 et
964 3477 1072 3530 limbus
1085 3476 1235 3546 Parrum?)‚

166 3565 233 3618 lren.
262 3582 294 3618 ex
322 3563 419 3616 sture.
443 3563 537 3616 lulatur.
565 3561 671 3629 Quaesl.
727 3563 772 3616 sed
792 3563 895 3615 nullum
915 3562 950 3615 ibi
969 3562 1108 3632 pervenire
1119 3561 1235 3632 potuisse

166 3651 183 3704 l.
202 3649 240 3702 IV
259 3648 414 3717 desumpsit.
727 3663 776 3700 nec
822 3663 948 3718 umquam
989 3663 1074 3716 posse.
1124 3645 1235 3716 Reliqua

201 3735 243 3801 (2)
262 3731 411 3803 Opiniones
432 3744 553 3784 veterum
572 3731 604 3784 de
623 3732 673 3786 hac
728 3731 848 3801 exempla
887 3748 954 3801 quae
993 3730 1167 3784 subiiciuntur
1202 3745 1235 3782 ex

167 3834 195 3870 re
207 3829 325 3870 recenset
338 3816 414 3868 Petu.
429 3815 496 3870 Hisl.
514 3815 575 3868 Nat.
585 3815 619 3880 X,
631 3831 672 3881 24.
728 3816 786 3880 lou,
794 3813 946 3880 XXXVIII,
958 3813 1082 3868 videntur
1096 3814 1235 3883 desumpta

166 3901 220 3955 Csr.
240 3901 333 3954 lauru.
353 3899 424 3965 Vlll,
444 3916 468 3962 7.
728 3898 940 3967 (Faustianum).

202 3987 244 4052 (ς)
264 3985 304 4038 De
322 3985 364 4038 his
382 4001 486 4056 quoque
501 3983 547 4037 cfr.
563 3985 632 4037 Aur.
648 4001 673 4038 o.
765 3983 807 4050 (ll
823 3981 924 4036 Graeca
936 3982 1003 4036 Iren.
1014 3993 1235 4053 quaesequuntur

167 4087 189 4123 c.
208 4072 225 4124 l.
245 4070 296 4134 111;
316 4071 449 4123 Arusroa.
469 4068 575 4122 Meteor.
597 4067 629 4122 ll.
729 4067 770 4121 lo.
789 4069 914 4121 Dauasc.
941 4067 1012 4122 Sacr.
1037 4067 1133 4121 Parall.
1158 4067 1236 4120 debe·

203 4157 244 4222 (ll
254 4155 308 4208 Cfr.
319 4153 406 4208 Casu.
416 4154 490 4207 Rou.
506 4153 672 4218 Corinthum
729 4171 796 4207 mus.
835 4153 889 4207 Csr.
903 4153 992 4218 Hora,
1005 4155 1022 4208 l.
1035 4170 1058 4208 c.
1085 4153 1158 4207 Loco
1170 4155 1236 4205 tva·

167 4241 293 4292 Auousr.
311 4237 673 4310 civ.1)ei‚xv1‚9;mmr.
727 4237 855 4304 κιὶσιται,
880 4237 930 4292 Im.
957 4238 1020 4309 legit
1041 4238 1235 4304 ἀνατιθὲμιθα.
