3172 5044
435 455 578 501 GNOSEOS
601 455 738 502 INDOLES
761 454 929 502 COMMUNIS
1175 458 1213 521 41

143 653 371 728 conditionis
391 653 504 728 index
523 655 748 751 praecipuus
767 654 918 752 quidam
939 653 1217 729 aristocraticus

142 778 399 876 mysticismus
427 824 452 834 -
480 796 521 852 ut
561 780 666 853 aiunt
694 824 717 834 -
748 806 814 852 seu
842 757 1049 878 ‘despectio
1092 805 1217 853 rerum

142 903 387 988 sensibilium,
419 931 464 978 ac
500 905 665 979 studium
703 902 951 989 invisibilium,
983 904 1217 979 intellectua-

141 1028 246 1116 lium,
268 1028 518 1128 spiritualium
541 1031 725 1103 bonorum
745 1054 843 1127 quac
862 1030 926 1103 scl.
949 1054 1023 1103 non
1044 1029 1218 1102 omnibus

140 1155 275 1252 pervia
308 1170 446 1240 essent,
484 1155 598 1228 immo
640 1179 709 1229 nec
747 1154 910 1251 cognita,
945 1156 1014 1228 sed
1043 1153 1217 1252 conlegio

141 1279 296 1352 cuidam
326 1278 531 1352 electorum
559 1279 710 1375 propria
729 1293 767 1352 et
795 1294 988 1376 separata:
1019 1277 1071 1351 ita
1089 1295 1216 1351 tamen

142 1417 188 1476 ut
216 1403 280 1499 qui
309 1401 370 1475 illa
389 1402 549 1499 adeptus
576 1417 688 1488 esset,
715 1401 788 1475 iam
808 1403 855 1475 ab
876 1401 1050 1478 omnibus
1068 1402 1217 1500 legibus

143 1527 270 1600 carnis
298 1545 336 1600 et
361 1543 515 1600 naturae
544 1526 731 1611 liberatus,
754 1552 798 1600 ac
818 1524 947 1600 salutis
966 1524 1218 1600 inamissibilis

143 1652 303 1725 omnino
341 1677 498 1749 compos
534 1652 812 1726 aestimaretur:
844 1652 943 1725 unde
972 1652 1073 1725 haud
1109 1651 1217 1726 inste·

144 1801 269 1874 quens
299 1801 444 1850 morum
474 1777 636 1851 nefanda
663 1777 835 1875 perditio.

228 1901 289 1973 Ex
318 1926 394 1997 quo
422 1899 495 1974 iam
524 1900 726 1998 praecipua
754 1901 877 1998 capita
904 1899 1098 1974 doctrinae
1121 1926 1218 2000 gno·

144 2025 267 2098 sticae
294 2022 504 2122 intelligere
541 2040 609 2097 est.
667 2023 741 2097 Dei
770 2023 964 2098 invisibilis
998 2024 1218 2098 exsistentia

144 2149 366 2234 admittitur,
403 2149 574 2247 operatio
606 2174 696 2223 vero
724 2166 804 2225 tota
835 2149 1033 2224 Aeonibus
1066 2175 1216 2222 concre-

144 2277 257 2359 ditur,
289 2299 448 2371 quorum
487 2275 603 2348 series
636 2274 822 2373 gradatim
851 2277 900 2350 ad
928 2273 1120 2348 hominem
1149 2300 1217 2370 per

145 2401 430 2475 fabricationem
459 2426 503 2474 ac
522 2400 836 2500 gubernationem
865 2399 1071 2486 descendit,
1100 2398 1216 2472 immo

145 2542 184 2600 et
213 2527 263 2600 ad
292 2543 441 2599 terrena
467 2551 511 2599 ac
540 2525 745 2600 materialia
772 2525 1004 2624 deprimitur,
1034 2550 1057 2597 a
1081 2524 1216 2620 quibus

146 2666 287 2734 tamen,
319 2665 360 2722 ut
387 2675 410 2723 a
438 2648 554 2734 malis,
586 2651 700 2724 homo
720 2651 908 2749 gradatim
932 2674 1015 2724 sese
1036 2647 1217 2722 extollere

145 2775 261 2849 debet
290 2774 502 2871 usquedum
531 2775 567 2847 in
597 2775 777 2859 Pleroma,
809 2801 831 2847 a
860 2799 935 2871 quo
964 2790 1032 2861 est,
1063 2773 1215 2846 demum

144 2897 376 2972 admittatur.
433 2898 576 2971 Verum
596 2899 632 2971 in
661 2899 719 2971 his
752 2898 930 2972 doctrinis
958 2897 1122 2995 pressius
1150 2897 1217 2970 de-

144 3021 365 3106 scribendis,
396 3023 498 3119 quod
527 3023 575 3096 ad
604 3022 861 3096 habitudinem
890 3022 1109 3096 Pleromatis
1131 3047 1214 3095 cum

148 3144 358 3230 mundanis,
380 3145 429 3218 ad
459 3145 635 3220 Aeonum
666 3146 791 3232 series,
824 3145 990 3244 origines
1023 3164 1061 3219 et
1093 3171 1213 3231 casus,

147 3286 185 3342 et
212 3269 433 3366 praesertim
453 3271 502 3344 ad
521 3271 704 3344 theoriam
724 3269 992 3344 incarnationis
1012 3287 1049 3344 et
1068 3271 1215 3345 redem-

148 3394 286 3491 ptionis
323 3409 480 3492 spectat,
524 3394 760 3469 multifariam
803 3395 1027 3470 dissentiunt
1064 3395 1215 3469 scholae

148 3516 355 3616 gnosticae.
413 3519 558 3593 Harum
572 3519 766 3595 historiam
786 3547 870 3594 cum
893 3522 936 3593 lr.
959 3518 1213 3617 descripturis,

147 3659 313 3739 praestat
332 3643 420 3718 inde
439 3669 463 3717 a
481 3644 608 3718 limine
626 3645 741 3718 veluti
760 3661 1006 3742 conspectum
1022 3644 1211 3728 exhibere,

149 3767 184 3840 in
211 3793 288 3866 quo
317 3783 445 3865 pateat
472 3767 577 3842 locus
604 3768 667 3842 ubi
696 3770 916 3866 reponenda
938 3767 1012 3841 sint
1041 3793 1139 3864 quae
1167 3767 1215 3840 ab

151 3891 194 3964 lr.
223 3877 465 3967 desumimus.
