3172 5044
180 453 216 521 (ι,
239 455 326 521 3-4).]
615 455 704 500 Lmen
729 455 841 500 peritos
1214 438 1255 521 87

179 665 269 712 extra
281 647 429 712 Pleroma
439 647 597 726 Aeonum,
610 663 639 712 et
653 662 752 712 mater
764 647 831 711 eius
844 645 1049 733 redintegrata
1061 669 1135 711 suae
1147 649 1257 712 coniu-

180 755 315 840 gationi,
328 753 545 842 Monogenem
561 755 674 820 iterum
688 754 817 819 alteram
833 754 976 818 emisisse
989 755 1255 840 coniugationem,

181 858 359 926 secundum
372 858 600 946 providentiam
615 860 726 940 Patris,
738 859 771 912 (¹)
787 858 952 926 Christum
972 877 1001 924 et
1017 859 1168 946 Spiritum
1185 884 1255 926 san-

180 984 281 1044 ctum,
293 967 327 1018 (²)
344 989 361 1030 a
385 964 499 1054 quibus
520 984 758 1033 consummatos
772 989 840 1033 esse
854 965 961 1033 dicunt
976 969 1113 1033 Aeonas
1161 967 1256 1034 Clrri-

181 1092 267 1137 stum
281 1073 368 1138 enim
386 1070 532 1138 docuisse
551 1095 616 1153 eos,
634 1074 863 1160 coniugationis
879 1089 1034 1152 naturam,
1051 1075 1148 1138 innati
1165 1096 1255 1140 com-

181 1179 426 1266 prehensionem
436 1195 672 1266 cognoscentes,
683 1179 872 1245 sufficientes
881 1182 961 1262 <sive
976 1179 1121 1264 idoneos>
1131 1181 1255 1246 essezl³>

179 1283 356 1350 declarasse
378 1307 505 1372 quoque
523 1286 556 1350 in
578 1286 623 1350 eis
647 1285 747 1351 Patris
770 1285 976 1372 agnitionem,
999 1286 1148 1371 quoniam
1169 1287 1254 1351 inca-

181 1389 291 1477 pabilis
314 1407 372 1466 est,
388 1407 418 1456 et
442 1389 776 1478 incomprehensibilis
799 1408 829 1456 et
853 1413 917 1456 non
941 1407 986 1456 est
1010 1415 1111 1479 neque
1135 1391 1252 1471 ridere,

181 1520 282 1583 neque
301 1496 407 1563 audire
423 1521 496 1563 eum
519 1498 579 1563 nisi
599 1520 653 1584 per
672 1498 777 1562 solum
794 1498 1020 1584 Monogenem.
1067 1498 1106 1562 Et
1125 1520 1250 1562 causam

179 1603 308 1689 quidem
332 1621 474 1668 aetemae
498 1604 755 1690 perseverationis
781 1603 818 1668 iis
842 1603 989 1668 omnibus
1009 1603 1253 1689 incomprehen-

181 1709 269 1774 sibile
288 1709 389 1774 Patris
413 1732 496 1775 esse:
519 1710 730 1796 generationis
756 1725 861 1774 autem
882 1725 911 1773 et
936 1708 1134 1774 formationis
1162 1731 1253 1774 com-

178 1957 237 2012 τῶν
262 1949 397 2030 Αἰὼνων,
420 1949 474 2033 τήν
497 1973 529 2014 τε
554 1949 667 2034 μητέρα
698 1952 789 2032 αὐτῆς
817 1951 1108 2034 ἀποκατασταθῆναι
1131 1961 1168 2034 τῇ
1193 1951 1251 2033 ἰδία

177 2055 315 2138 συζυγίᾳ,
330 2059 379 2118 τὸν
395 2054 551 2139 Μονογενῆ
567 2055 656 2118 πάλιν
671 2055 775 2138 ἑτέραν
790 2055 997 2140 προβαλέσθαι
1014 2055 1158 2139 συζυγίαν
1169 2058 1249 2118 κατὰ

177 2161 368 2246 προμήθειαν
389 2172 441 2225 τοῦ
472 2162 600 2247 Πατρὸς,
625 2164 672 2224 ἵνα
695 2166 737 2246 μὴ
760 2161 867 2245 ὁμαῖως
897 2163 990 2244 ταύτῃ
1013 2163 1102 2246 πάθῃ
1125 2184 1168 2238 τις
1191 2172 1249 2225 τῶν

178 2267 312 2347 allino-r,
338 2269 468 2352 Χριστὸν
490 2272 543 2333 καὶ
566 2269 692 2352 Πνεῦμα
715 2271 809 2353 ἅγιον,
835 2271 875 2345 εἰς
898 2267 983 2351 πῆξιν
1007 2272 1059 2332 καὶ
1087 2273 1249 2352 στηριγμὸν

176 2385 231 2438 τοῦ
248 2375 466 2460 Πλημὼματος,
486 2377 536 2459 ὑφ’
548 2378 590 2440 ὢν
606 2377 841 2460 κατασπασθῆναι
857 2381 924 2452 τους
939 2377 1066 2452 Αἰιῖινας.
1115 2377 1177 2440 Τὸν
1193 2379 1249 2460 μὲν

176 2485 234 2567 γὰρ
258 2482 390 2568 Χριστὸν
414 2481 525 2560 διδαξαι
548 2485 655 2558 αὐτοὺς
677 2483 820 2567 συζυγίας
846 2483 942 2565 φύσιν,
968 2485 1130 2566 ἀγεννῄτου
1153 2482 1248 2545 κατα-

174 2589 267 2672 ληψιν
283 2587 494 2672 γινώσκοντας,
516 2590 634 2666 ἱκανοὺς
653 2591 742 2654 εἶναι·
763 2589 964 2674 ἀναγορεῦσαί
977 2611 1010 2652 τε
1029 2591 1060 2651 ἐν
1080 2592 1178 2664 αὐτοῖς
1194 2592 1247 2672 τὴν

175 2705 228 2758 τοῦ
244 2695 364 2780 Πατμὸς
387 2695 555 2780 ἐπίγνωσιν,
575 2699 620 2760 ὅτι
638 2719 672 2760 τε
689 2695 846 2782 ἀχώρητὸς
864 2697 926 2761 ἐστι
946 2700 997 2760 καὶ
1020 2697 1245 2780 ἀκατάληπτος,

174 2804 227 2864 καὶ
249 2803 307 2864 οὐκ
329 2805 411 2864 ἔστιν
433 2805 502 2866 οὔτε
526 2803 595 2866 ἰδεῖν
617 2806 686 2866 οὔτε
709 2805 836 2865 ἀκοῦσαι
856 2803 954 2882 αὐτόν,
974 2805 993 2884 ἢ
1014 2803 1062 2864 διὰ
1082 2803 1173 2885 μόνου
1192 2811 1245 2864 τοῦ

175 2906 375 2992 Μονογενοῡς.
423 2907 485 2971 Καὶ
496 2913 529 2971 τὸ
541 2911 597 2992 μὲν
609 2911 700 2972 αἴτιον
713 2919 764 2992 τῆς
779 2908 897 2971 αἰωνίου
909 2910 1050 2991 διαμονῆς
1063 2918 1121 2983 τοῖς
1134 2908 1246 2983 λοιποῖς

173 3017 207 3075 τὸ
229 3014 445 3098 &scatianum-2
467 3014 614 3100 ὑπάρχειν
636 3023 689 3077 τοῦ
713 3013 841 3098 Πατρος,
857 3023 909 3096 της
933 3015 966 3076 δὲ
989 3012 1135 3096 γενέσεως
1154 3015 1245 3075 αὐτοῦ

208 3247 251 3314 (ι)
271 3247 390 3300 Restitue
409 3247 451 3300 hic
476 3265 508 3300 ex
532 3249 634 3319 graecis
656 3261 681 3301 et
736 3249 839 3300 clausus
860 3265 984 3300 numerus
1000 3249 1125 3300 Aeonum
1136 3248 1185 3298 nisi
1200 3265 1245 3316 per

173 3330 312 3384 leserunt.
324 3333 340 3384 l.
351 3349 388 3384 c.:
404 3351 537 3404 «nequae
550 3335 602 3397 illa,
616 3334 680 3386 nlius
737 3333 823 3384 lesum
843 3331 923 3399 (infra
943 3351 968 3402 p.
991 3334 1034 3402 89,
1053 3351 1078 3384 n.
1100 3334 1138 3396 2).

176 3417 451 3470 «Aeonumsimiliter
461 3430 626 3488 pateretur».
650 3419 680 3471 ln
770 3417 813 3486 (3)
833 3417 852 3470 l.
871 3433 893 3469 e.
917 3437 929 3465 ι(
940 3417 1059 3468 docuisse
1078 3433 1132 3480 eos,
1152 3417 1195 3485 qni
1211 3435 1243 3468 ex

171 3499 231 3552 Sch.
250 3500 355 3554 Orient.
374 3501 495 3556 Christos
518 3514 543 3556 et
570 3503 681 3574 Spiritus
737 3501 948 3570 «coniugatione
981 3513 1103 3552 naturam
1138 3517 1244 3570 accepe-

173 3596 234 3636 ante
247 3584 339 3638 Horon
349 3587 505 3656 processisse
515 3587 638 3641 dicuntur
648 3589 680 3641 ad
737 3605 751 3634 n
761 3596 820 3637 rant
840 3587 906 3653 (non
923 3585 982 3638 ideo
1000 3584 1162 3654 Monogene)
1182 3601 1244 3636 con-

172 3667 358 3738 perficiendam
383 3669 560 3741 Enthymesin
588 3689 680 3742 opera·
737 3683 847 3723 «tentos
867 3687 923 3723 esse
941 3671 1035 3723 debere
1046 3670 1066 3721 si
1083 3670 1166 3721 sciant
1177 3687 1243 3739 quae

171 3752 318 3824 tionequae
327 3755 395 3824 apud
404 3755 437 3806 lr.
445 3771 466 3807 c.
476 3753 522 3819 lV,
532 3773 540 3809 r
550 3769 678 3810 narratur.
737 3775 751 3804 «
760 3754 873 3824 ingeniti
882 3755 1045 3825 agnitionem
1056 3766 1187 3824 spectant:
1197 3770 1243 3806 an-

206 3835 249 3900 (2)
269 3833 350 3886 Addit
370 3834 465 3888 iterum
488 3833 626 3889 Τεπτιιιι.
647 3855 679 3890 ex
737 3840 894 3892 «nuntiasse
914 3857 977 3892 vero
996 3840 1023 3890 in
1036 3839 1074 3890 eis
1086 3839 1118 3890 de
1132 3838 1180 3889 hac
1194 3837 1242 3888 Pn-

169 3931 272 3983 graec.:
294 3917 460 3970 «solidandis
479 3920 565 3986 rebus,
576 3933 602 3974 et
621 3921 679 3974 Ple·
737 3922 806 3975 «tris
837 3923 973 3992 agnitione
1003 3923 1158 3992 qnoniam»
1192 3932 1241 3972 etc.

172 4000 292 4053 «roman
329 4001 475 4056 muniendo
510 4003 616 4075 iamque
649 4005 678 4058 fi·
737 4007 815 4060 «sive
834 4008 969 4060 idoneos»
992 4019 1030 4059 est
1050 4007 1137 4076 glossa
1157 4021 1240 4070 marg.

172 4085 284 4154 «gendo
298 4105 330 4149 >›;
349 4094 532 4140 consummatos
559 4089 677 4162 intellige
732 4092 881 4145 exTertull.
913 4089 1241 4145 Dehuiuslocisententia

168 4167 676 4240 perlectos(clr.p.85‚n.1):noneninr
732 4175 777 4228 cfr.
799 4177 815 4227 l.
835 4175 881 4238 IV,
900 4173 924 4240 6,
944 4191 969 4240 4,
989 4176 1056 4228 circa
1079 4173 1204 4226 medinm,
