3238 5090
184 498 321 566 (xxxffl,
336 499 420 568 3-4).]
579 500 668 546 Ltuett
692 499 858 546 secoxous
1187 499 1247 564 411

183 695 279 761 tione.
292 693 326 748 (¹)
370 693 497 776 Quibus
522 695 623 782 magis
645 709 769 782 oportet
792 692 900 760 credi?
953 694 1113 760 Utrumne
1136 691 1185 758 his
1208 709 1254 758 ta-

183 801 276 882 libus,
300 825 339 868 an
369 801 564 882 Ptolemaeo,
588 803 641 890 qui
664 801 825 890 apostolos
849 824 1022 890 numquam
1049 798 1135 882 vidit,
1159 799 1256 866 vesti-

183 909 272 996 gium
297 925 403 975 autem
426 907 560 996 apostoli
583 931 623 974 ne
642 909 674 974 in
690 909 824 974 somniis
840 905 968 997 quidem
985 923 1169 995 assequutus
1185 906 1254 973 est?

253 1017 281 1082 6.
307 1014 366 1106 [4].
412 1012 473 1082 Sed
497 1031 527 1080 et
551 1015 610 1103 ipsi
633 1015 686 1104 qui
709 1031 783 1080 tunc
802 1012 1000 1102 disputabant
1020 1036 1094 1080 cum
1111 1013 1253 1079 Domino

184 1120 254 1185 Iesu
280 1120 409 1188 Christo
432 1118 548 1201 ludaei,
568 1120 763 1208 apertissime
782 1119 843 1186 hoc
863 1122 966 1206 ipsum
987 1117 1252 1206 significaverunt.

185 1225 324 1310 Quando
348 1228 432 1294 enim
456 1229 501 1294 eis
525 1227 602 1294 dixit
625 1227 803 1293 Dominus:
830 1224 1017 1293 «Abraham
1041 1242 1127 1314 pater
1150 1242 1254 1291 vester

191 1334 384 1400 «exsultavit
398 1351 431 1399 ut
444 1331 563 1400 videret
578 1333 663 1401 diem
679 1356 799 1414 meum,
813 1350 843 1399 et
856 1332 944 1412 vidit,
954 1348 984 1398 et
995 1334 1122 1420 gavisus
1135 1349 1181 1398 est
1189 1360 1204 1393 n
1211 1332 1254 1413 ‚(²)

185 1440 412 1527 responderunt
435 1441 484 1506 ei:
515 1440 781 1528 «Quinquaginta
804 1463 903 1506 annos
927 1438 1069 1506 nondum
1093 1436 1198 1518 habes,
1223 1456 1253 1504 et

188 1575 202 1610 «
218 1546 377 1613 Abraham
401 1546 555 1614 vidistiin
606 1549 678 1614 Hoc
703 1564 808 1614 autem
832 1564 1059 1634 consequenter
1081 1545 1195 1612 dicitur
1213 1548 1253 1627 ei,

184 1657 238 1743 qui
269 1656 332 1720 iam
355 1677 397 1722 xc
421 1677 519 1721 annos
543 1657 685 1736 excessit,
708 1655 982 1744 quiquagesimum
1006 1671 1113 1720 autem
1135 1676 1253 1720 annum

185 1760 328 1827 nondum
351 1761 462 1848 attigit,
479 1783 543 1826 non
566 1777 673 1827 tamen
697 1761 832 1828 multum
856 1785 873 1827 a
892 1761 1155 1850 quinquagesimo
1170 1783 1253 1826 anno

186 1864 322 1932 absistat.
368 1867 403 1932 Ei
425 1885 529 1934 autem
552 1869 604 1956 qui
629 1869 668 1934 sit
687 1889 752 1934 xxx
772 1890 939 1949 annorum,
962 1866 1117 1935 diceretur
1132 1867 1252 1954 utique:

186 1972 403 2060 Quadraginta
419 1995 575 2039 annorum
592 1972 734 2040 nondum
750 1996 793 2040 es.
833 1974 900 2056 Qui
917 1974 1002 2040 enim
1017 1970 1163 2040 volebant
1179 1995 1253 2039 eum

187 2078 371 2145 mendacem
403 2078 577 2162 ostendere,
601 2103 665 2147 non
695 2081 802 2170 utique
830 2081 863 2147 in
894 2080 1029 2147 multum
1054 2078 1254 2146 extenderent

186 2208 285 2252 annos
310 2186 389 2252 ultra
412 2203 556 2268 aetatem,
579 2209 675 2274 quam
699 2211 768 2254 eam
791 2186 905 2253 habere
928 2187 1178 2276 conspiciebant:
1199 2184 1252 2252 sed

185 2294 328 2380 proxima
351 2295 459 2360 aetatis
477 2293 631 2378 dicebant,
647 2295 714 2362 sive
728 2318 802 2361 vere
818 2297 951 2362 scientes
970 2319 1008 2361 ex
1023 2295 1253 2383 conscriptione

185 2423 308 2480 census,
320 2400 353 2452 (³)
375 2403 441 2466 sive
465 2401 666 2467 coniicientes
689 2400 862 2469 secundum
886 2418 1029 2482 aetatem,
1049 2424 1144 2490 quam
1168 2399 1254 2467 vide-

185 2505 258 2572 bant
282 2504 393 2574 habere
417 2530 490 2574 eum
510 2530 603 2594 super
620 2506 841 2595 quadraginta3
865 2507 918 2576 sed
939 2524 971 2574 ut
990 2531 1056 2574 non
1073 2530 1153 2595 quac
1172 2523 1254 2573 esset

184 2615 311 2700 triginta
339 2636 505 2680 annorum.
558 2611 771 2680 Irrationabile
802 2631 849 2680 est
876 2615 961 2680 enim
985 2615 1118 2680 omnino
1142 2615 1254 2702 viginti

184 2741 284 2783 annos
309 2719 434 2784 mentiri
458 2741 524 2798 eoS,
544 2719 686 2784 uolentes
709 2743 782 2786 eum
806 2720 962 2785 iuniorem
987 2718 1150 2785 ostendere
1173 2735 1255 2784 tem·

185 2823 313 2910 poribus
325 2823 478 2891 Abrahae.
508 2823 605 2906 Quod
622 2841 727 2890 autem
742 2823 899 2906 videbant,
911 2825 972 2892 hoc
987 2841 1016 2891 et
1033 2822 1253 2912 loquebantur:

184 2932 238 3018 qui
262 2947 366 2996 autem
391 2929 563 3011 videbatur,
579 2954 643 2996 non
663 2949 728 2998 erat
746 2933 915 3020 putativus,
934 2931 987 2998 sed
1007 2933 1132 3000 veritas.
1179 2933 1254 2999 Non

186 3058 262 3123 ergo
286 3036 422 3102 multum
447 3036 550 3102 aberat
573 3039 829 3128 aquinquaginta
846 3039 954 3105 annis:
978 3056 1009 3104 et
1025 3037 1095 3105 ideo
1111 3036 1254 3106 dicebant

187 3143 229 3210 ei:
259 3141 528 3232 «Quinquaginta
555 3166 711 3210 annorum
736 3145 879 3211 nondum
903 3169 947 3226 es,
970 3161 1001 3211 et
1024 3142 1183 3211 Abraham
1207 3145 1255 3210 vi-

189 3275 204 3310 «
219 3245 313 3313 disti?
329 3275 344 3309 »
392 3249 467 3315 Non
490 3271 567 3336 ergo
590 3272 673 3316 anno
697 3272 761 3315 uno
777 3249 974 3338 praedicavit,
991 3273 1048 3316 nec
1063 3249 1254 3317 duodecimo

187 3377 297 3420 mense
324 3356 397 3421 anni
428 3377 537 3442 passus
560 3371 616 3422 est.
664 3355 809 3445 Tempus
833 3358 917 3423 enim
941 3380 958 3423 a
982 3359 1147 3444 trigesimo
1170 3381 1253 3424 anno

186 3554 283 3615 πάντες
305 3557 506 3618 μαρτυροῦσιν
525 3551 634 3605 innuere
656 3552 694 3604 vi·
749 3565 894 3616 austrum,
913 3551 953 3604 Da
971 3551 1048 3604 doctr.
1064 3551 1150 3604 christ.
1171 3550 1204 3614 ΙΙ,
1220 3551 1253 3603 28

187 3637 282 3690 detur?
308 3667 344 3676 -
364 3635 560 3691 Parmensit...
576 3643 694 3708 tempora.
748 3636 876 3706 quosdam
889 3637 966 3690 docet
979 3635 1058 3688 salsos
1071 3637 1152 3690 etiam
1168 3653 1200 3688 ex
1213 3635 1253 3688 Ιο.

186 3720 239 3774 ctr.
247 3721 293 3786 111,
301 3736 339 3786 111,
349 3719 395 3774 fin.
405 3738 466 3774 cum
477 3731 532 3774 not,
563 3719 694 3774 Traianus
747 3720 781 3786 II,
797 3736 831 3774 20
844 3733 872 3774 ut
885 3721 1003 3776 Domino
1019 3735 1085 3774 xcvt
1100 3721 1193 3774 aetatis
1208 3738 1254 3772 an-

187 3821 297 3876 regnare
316 3807 402 3876 coepit
421 3823 444 3860 a.
464 3805 506 3876 98.
748 3821 797 3858 nos
816 3805 1009 3876 adscripserint.
1054 3805 1126 3858 Num
1146 3805 1255 3875 Papiam

222 3888 264 3958 (1)
280 3887 333 3941 Csr.
349 3907 374 3940 v.
391 3906 416 3958 g.
436 3887 537 3942 errxe
556 3889 589 3942 de
607 3889 693 3960 sprso
748 3889 871 3959 intelligit
887 3889 949 3943 ille?
986 3887 1039 3942 Csr.
1055 3889 1141 3954 Rrrss,
1158 3888 1192 3942 D.
1206 3886 1255 3941 Ge·

185 3974 369 4027 testimonium
383 3977 436 4045 (ap.
450 3973 546 4030 Enseu.
562 3975 596 4028 H.
605 3973 635 4027 Ε.
647 3972 694 4040 ΙΙΙ,
747 3973 874 4044 brtrtsjabr
894 3973 997 4039 Christi,
1016 3975 1091 4039 1880,
1110 3991 1134 4044 p.
1150 3973 1193 4027 81.

189 4072 230 4128 39,
247 4057 288 4126 4).
783 4059 825 4126 (3)
844 4057 950 4128 Deque
969 4056 1014 4110 cfr.
1034 4057 1100 4110 Lus
1116 4057 1149 4122 II,
1172 4074 1195 4122 1,
1212 4057 1254 4109 vel

224 4143 264 4210 (2)
283 4140 384 4193 onnx.
411 4139 481 4204 VIII,
507 4138 590 4208 56-57
619 4143 693 4208 (cum
748 4139 859 4194 fortasse
873 4141 967 4194 melius
986 4140 1042 4194 Ios.
1064 4141 1147 4194 chv.
1168 4141 1253 4210 Antip.

187 4223 280 4295 Vulg.;
290 4231 312 4275 et
322 4237 383 4277 ante
395 4224 462 4277 videt
471 4227 497 4276 in
505 4225 562 4277 cod.
571 4225 616 4291 D).
637 4225 694 4278 Au·
747 4225 846 4290 XVIII,
866 4242 888 4278 ι.
