3274 5100
635 483 763 529 lRENhEl
787 482 947 528 ADVERSUS
971 481 1127 528 HAERESES

347 481 410 548 370
1257 476 1342 547 ller
1362 493 1416 547 7⁴)

346 673 421 741 falsa
451 676 571 762 agnitio
601 678 744 766 ipsorum
779 676 905 742 inventa
928 691 985 741 est.
1050 673 1083 740 Si
1113 689 1219 740 autem
1250 672 1418 762 impuden-

346 799 392 848 ter
414 798 541 869 agentes
560 805 652 870 super
671 782 747 848 haec
765 780 880 862 dicent,
899 780 1046 847 homines
1064 779 1192 868 quidem
1212 802 1278 846 non
1296 801 1418 867 cogno-

345 889 428 954 visse
451 889 626 969 veritatem,
650 888 786 953 Matrem
811 903 916 952 autem
940 887 1093 974 ipsorum,
1117 908 1226 952 semen
1249 886 1417 973 patemale‚

346 1016 399 1082 per
423 994 499 1060 tales
522 993 679 1073 homineS,
702 990 971 1081 quemadmodum
995 1009 1025 1059 et
1043 1014 1098 1080 per
1121 992 1298 1080 prophetas,
1318 1015 1419 1059 enun-

347 1101 443 1166 ciasse
467 1100 617 1186 mysteria
640 1099 789 1178 veritatis,
812 1099 976 1186 ignorante
1000 1099 1193 1187 Demiurgo:
1217 1099 1321 1186 primo
1348 1098 1418 1185 qui-

346 1206 420 1273 dem
443 1228 508 1272 non
532 1205 605 1272 t'alia
627 1222 781 1287 enarrant,
804 1228 883 1294 quae
907 1221 980 1271 sunt
1010 1204 1175 1292 praedicta,
1199 1221 1321 1271 utnon
1345 1220 1375 1270 et
1399 1227 1417 1270 a

347 1309 486 1398 quolibet
504 1313 729 1400 intelligantur:
743 1312 777 1366 (¹)
800 1313 916 1378 etenim
935 1313 994 1400 ipsi
1014 1310 1160 1378 homines
1180 1309 1319 1378 sciebant
1336 1334 1417 1400 quae

346 1416 500 1500 dicebant,
516 1436 547 1485 et
565 1417 708 1506 discipuli
731 1419 885 1506 ipsorum,
901 1435 932 1484 et
951 1416 1065 1484 horum
1086 1441 1293 1485 successores.
1340 1420 1417 1485 Post

347 1523 469 1604 deinde,
488 1523 539 1590 vel
559 1525 661 1591 Mater
683 1525 734 1590 vel
758 1547 877 1606 semen,
894 1525 919 1590 si
935 1521 1168 1612 cognoscebant
1187 1540 1216 1590 et
1232 1523 1417 1591 enarrabant

348 1655 382 1697 ea
406 1654 485 1720 quae
509 1648 596 1698 erant
619 1633 769 1713 veritatiS,
792 1632 906 1697 veritas
929 1648 1035 1697 autem
1054 1632 1156 1713 Pater,
1172 1630 1316 1697 Salvator
1339 1653 1417 1717 ergo

348 1736 522 1805 secundum
545 1760 600 1804 eos
624 1738 682 1803 erit
705 1737 866 1820 mentitus,
887 1736 1011 1805 dicens:
1036 1764 1052 1801 a
1064 1738 1171 1805 Nemo
1189 1739 1339 1826 cognovit
1358 1739 1419 1804 Pa-

355 1871 370 1906 a
382 1861 474 1926 trem,
497 1845 558 1910 nisi
578 1843 676 1910 Filius
691 1845 754 1909 ».l²)
798 1844 831 1910 Si
847 1845 932 1911 enim
956 1846 1102 1932 cognitus
1125 1861 1172 1912 est
1195 1845 1283 1911 vela
1307 1862 1418 1926 matre,

348 1951 400 2017 uel
422 1974 439 2017 a
463 1953 584 2018 semine
606 1952 683 2031 eius,
700 1951 839 2018 solutum
863 1967 910 2017 est
932 1950 1019 2032 illud,
1035 1950 1120 2039 quod
1141 1952 1279 2018 «Nemo
1298 1974 1419 2040 cogno-

352 2087 366 2122 «
382 2059 427 2124 vit
447 2059 573 2124 Patrem
597 2059 658 2124 nisi
683 2058 779 2124 Filius
791 2083 824 2140 »;
847 2059 908 2124 nisi
932 2060 956 2124 si
981 2081 1091 2124 semen
1110 2061 1263 2146 ipsorum,
1280 2057 1330 2124 vel
1349 2083 1420 2125 ma-

349 2181 431 2230 trem
460 2165 675 2230 «neminem»
705 2187 774 2230 esse
796 2163 919 2231 dicunt!

416 2271 447 2336 8.
467 2269 526 2360 [7].
573 2271 725 2360 litusque
741 2269 801 2337 hoc
813 2268 985 2357 quidemst>
1000 2294 1054 2359 per
1067 2272 1220 2338 humanas
1236 2271 1420 2338 affectiones

350 2393 379 2441 et
402 2397 457 2463 per
480 2376 522 2456 id,
545 2375 629 2464 quod
654 2376 766 2442 similia
790 2374 893 2442 dicant
921 2374 1028 2442 multis
1060 2376 1277 2464 ignorantibus
1301 2378 1419 2456 Deum,

349 2483 559 2549 verisimiliter
571 2483 605 2536 (³)
637 2485 696 2549 visi
728 2500 800 2549 sunt
831 2482 1007 2549 abstrahere
1038 2482 1202 2571 quosdam,
1230 2484 1420 2550 attrahentes

349 2613 403 2676 per
426 2613 461 2656 ea
484 2614 563 2677 quae
586 2593 700 2657 assueti
725 2607 808 2671 sunt,
827 2591 859 2655 in
883 2612 955 2655 eum
980 2591 1032 2678 qui
1056 2607 1104 2656 est
1122 2588 1161 2657 de
1180 2589 1329 2656 omnibus
1354 2613 1422 2656 ser-

350 2697 532 2778 monem,(4)
554 2695 650 2763 Verbi
675 2697 735 2762 Dei
758 2696 900 2784 genesim
924 2715 1125 2786 exponentes
1144 2713 1174 2764 et
1193 2696 1356 2788 [Veritatis
1375 2697 1420 2788 et]

349 2938 856 3010 rott.(Praescr.16)‚Ananos1asr.in

351 3042 464 3090 comm.;
478 3025 603 3078 Aucusr.
615 3027 640 3077 in
652 3024 688 3076 lo.
697 3023 795 3077 XCVII
806 3037 856 3078 etc.

350 3108 390 3161 De
409 3109 573 3178 argumentis
586 3109 697 3162 internis
709 3125 755 3177 pro
768 3125 856 3161 καινο-

352 3192 451 3258 φωνίας
471 3192 516 3246 clr.
545 3205 770 3245 commentatores
783 3194 810 3244 in
829 3193 855 3244 h.

351 3278 400 3330 loc.

387 3361 428 3428 (1)
447 3359 587 3431 Inspiratio
606 3377 652 3431 per
665 3377 756 3413 semen
772 3359 800 3412 fit
814 3377 858 3412 ve·

351 3445 398 3497 luti
418 3445 502 3498 inscio
521 3445 656 3516 propheta,
676 3462 760 3515 neque
773 3446 800 3498 hi
813 3445 857 3515 qui

352 3528 516 3599 prophetiam
546 3529 686 3582 audiebant
710 3529 858 3599 intelligere

351 3625 473 3684 poterant
493 3630 560 3684 quae
586 3630 677 3666 semen
703 3615 859 3684 loquebatur

352 3697 409 3765 (cfr.
424 3715 448 3768 p.
463 3701 537 3764 125):
551 3711 706 3751 nouantem
723 3700 760 3751 sic
777 3715 817 3751 res
831 3715 858 3750 se

351 3783 430 3834 habet
443 3783 475 3834 de
488 3782 609 3852 hisquae
628 3785 694 3838 tales
710 3783 860 3853 philosophi

351 3869 517 3920 enarrabant.
559 3867 632 3921 Talia
648 3885 742 3939 graece
755 3881 793 3921 est
808 3886 861 3920 τοι·

351 3958 427 4016 αὐτα,
435 3951 504 4022 quod
515 3952 595 4006 etiam
608 3953 813 4023 peradverbium
824 3959 860 4004 la-

352 4037 415 4100 lllcr‚
435 4053 480 4088 seu
499 4038 534 4089 ita
554 4037 627 4090 reddi
646 4049 741 4107 potest.

388 4123 431 4188 (2)
449 4121 563 4174 Marrn.
583 4121 630 4188 XI,
650 4137 692 4190 27,
716 4122 748 4175 ad
774 4123 861 4176 homi-

352 4223 427 4259 nem:
447 4205 492 4258 clr.
508 4206 528 4270 l,
544 4221 592 4271 xx,
608 4221 619 4275 3
642 4210 695 4277 (pp.
712 4211 861 4277 232-233);

909 2940 943 3005 ΙΙ,
962 2955 1000 3006 vr,
1019 2957 1028 2993 1
1047 2953 1096 2994 etc.

947 3027 988 3093 (3)
1007 3024 1041 3077 Er
1054 3043 1129 3096 usque
1142 3025 1186 3078 hoc
1201 3025 1309 3097 quidem,
1324 3043 1421 3097 graece

910 3111 1422 3180 aartertullaeablr.saepeadsumitur

911 3195 944 3246 ad
962 3193 1171 3247 concludendam
1191 3212 1266 3248 suam
1280 3211 1422 3266 argumen-

911 3279 1040 3331 tationem
1051 3278 1132 3331 veluti
1142 3279 1252 3350 repetita
1263 3297 1291 3332 re
1301 3280 1350 3332 sibi
1361 3296 1422 3350 pro-

912 3363 1004 3434 posita.
1042 3361 1095 3415 Csr.
1115 3363 1142 3415 in
1168 3364 1298 3432 praesenti
1321 3379 1359 3426 re,
1379 3381 1422 3416 su-

913 3448 998 3518 perius
1011 3464 1033 3500 c.
1048 3462 1106 3510 xm,
1128 3463 1159 3500 10
1172 3447 1213 3500 his
1229 3447 1282 3500 fere
1299 3448 1422 3519 gemina:

913 3532 1423 3602 utrimqueautemargumentumetdi·

912 3616 1014 3668 ctiones
1024 3613 1194 3685 praelationis
1205 3615 1291 3686 operis
1302 3619 1357 3686 (pp.
1369 3631 1421 3684 71·

915 3701 970 3768 72).
1008 3698 1063 3752 Clr.
1084 3718 1110 3752 v.
1125 3717 1150 3770 g.
1170 3699 1324 3753 antithesim
1342 3702 1423 3752 tetba-

914 3791 965 3848 νῶς
977 3815 996 3823 -
1007 3787 1159 3853 autharum
1178 3785 1361 3854 loquutionem
1384 3785 1424 3837 bi·

914 3870 1011 3922 blicam
1038 3868 1203 3922 transducunt
1228 3885 1328 3922 sensum
1348 3868 1424 3941 (Sap.

914 3953 961 4019 IV,
981 3953 1024 4021 12)
1040 3967 1091 4007 etc.

951 4039 994 4106 (4)
1020 4040 1198 4104 παντολογῐαν
1225 4037 1320 4091 Graeci
1345 4055 1425 4109 saepe

914 4141 962 4194 pro
975 4140 1043 4175 vana
1057 4136 1083 4176 et
1093 4123 1190 4176 insulsa
1201 4123 1426 4178 sermocinatione

915 4207 1055 4277 accipiunt.
