3274 5100
345 478 409 544 294
632 474 760 521 menam
783 474 942 522 auvansus
966 473 1121 520 naereses
1210 469 1309 541 [xxm
1328 485 1411 524 rora

343 691 442 741 stante
466 689 569 739 autem
586 688 617 738 et
635 671 686 738 hic
706 671 832 760 Sophia,
853 670 988 738 salvatos
1007 693 1062 736 eos
1081 692 1150 735 esse
1168 669 1223 759 qui
1243 669 1323 735 circa
1339 670 1412 735 Noe

343 797 430 847 erant
453 781 485 845 in
508 801 588 859 arca,
612 795 738 866 propter
761 777 1027 844 humectationem
1057 775 1139 841 illius
1174 775 1303 841 luminis
1325 773 1411 862 quod

343 885 380 952 ab
404 908 439 950 ea
462 900 537 966 erat,
569 906 622 970 per
652 905 747 972 quam
779 885 893 950 iterum
924 880 1130 971 adimpletum
1162 903 1231 946 esse
1254 879 1412 948 mundum

343 991 537 1060 hominibus:
557 1015 595 1057 ex
617 989 730 1080 quibus
746 989 916 1078 quemdam
934 988 1094 1056 Abraham
1110 987 1242 1076 elegisse
1261 1005 1291 1054 et
1306 991 1412 1078 ipsum

342 1097 532 1180 Ialdabaoth,
556 1115 586 1164 et
609 1113 832 1165 testamentum
865 1098 1008 1185 posuisse
1039 1095 1076 1164 ad
1107 1119 1193 1177 eum,
1216 1097 1243 1161 si
1258 1118 1412 1183 perseve-

344 1208 457 1274 raverit
480 1228 589 1272 semen
613 1206 680 1271 eius
704 1193 843 1271 serviens
865 1205 905 1287 ei,
928 1203 1002 1272 dare
1025 1205 1053 1270 ei
1078 1200 1281 1269 hereditatem
1300 1218 1411 1268 terrae⁴

343 1315 419 1381 Post
428 1337 482 1402 per
490 1313 629 1399 Moysen
642 1311 785 1378 eduxisse
798 1334 852 1377 eos
865 1334 903 1376 ex
914 1312 1062 1398 Aegypto
1073 1310 1126 1396 qui
1139 1306 1177 1375 ab
1189 1306 1348 1374 Abraham
1361 1332 1412 1374 es-

343 1437 422 1500 sent,
437 1436 468 1486 et
479 1417 603 1486 dedisse
615 1417 663 1484 his
680 1418 810 1506 Legem,
823 1435 853 1484 et
865 1415 975 1483 fecisse
987 1439 1042 1483 eos
1054 1414 1196 1497 Iudaeos,
1210 1438 1247 1480 ex
1259 1414 1412 1504 quibus(¹)

342 1526 473 1614 elegisse
497 1541 616 1612 septem
639 1523 715 1603 dies,
739 1545 818 1610 quos
833 1539 863 1589 et
880 1539 1019 1588 sanctam
1038 1520 1270 1588 hebdomadam
1285 1539 1411 1588 vocant.

342 1631 380 1696 Et
404 1631 616 1719 unusquisque
639 1651 749 1695 eorum
760 1627 793 1680 (²)
808 1650 902 1693 suum
927 1648 1114 1714 praeconem
1132 1627 1264 1692 assumit
1283 1624 1321 1692 ad
1340 1626 1412 1714 glo-

342 1735 498 1816 riandum,
521 1752 551 1802 et
574 1736 679 1801 Deum
704 1731 969 1814 annunciandum,
993 1733 1038 1799 uti
1062 1748 1092 1798 et
1115 1732 1226 1820 reliqui
1250 1730 1411 1798 audientes

274 1839 276 1842 ’
342 1843 469 1931 glorias,
492 1843 645 1908 servirent
664 1857 694 1906 et
706 1841 765 1928 ipsi
778 1838 826 1906 his
838 1841 892 1927 qui
912 1838 1101 1927 aprophetis
1113 1838 1340 1904 annunciantur
1355 1837 1410 1904 dii.

414 1969 461 2014 11.
487 1949 538 2015 Sic
573 1964 679 2013 autem
702 1945 868 2034 prophetas
891 1943 1144 2012 distribuunt:l³)
1166 1943 1259 2010 huius
1281 1944 1411 2033 quidem

342 2054 521 2124 Ialdabaoth
552 2056 688 2142 Moysen
724 2053 829 2135 fuisse,
866 2070 896 2119 et
930 2055 1036 2120 Iesum
1069 2054 1170 2134 Nave,
1193 2068 1224 2118 et
1242 2053 1356 2134 Amos,
1379 2069 1411 2118 et

343 2162 486 2228 Abacuc:
510 2161 593 2227 illius
616 2177 721 2228 autem
745 2161 809 2242 lao,
845 2161 981 2243 Samuel,
1015 2177 1044 2226 et
1073 2159 1209 2240 Nathan,
1233 2176 1262 2226 et
1286 2161 1410 2240 Ionam,

343 2285 373 2336 et
396 2269 592 2336 Michaeam:
621 2269 704 2335 illius
732 2286 837 2335 autem
868 2267 1015 2348 Sabaoth,
1046 2267 1181 2344 Heliam,
1214 2284 1244 2333 et
1273 2230 1348 2348 l'oel,
1378 2285 1411 2335 et

342 2375 539 2442 Zachariam:
563 2376 645 2441 illius
679 2391 785 2441 autem
819 2373 953 2456 Adonai,
988 2375 1124 2456 Esaiam,
1149 2392 1179 2441 et
1202 2375 1355 2458 Ezechiel,
1379 2393 1411 2442 et

341 2484 520 2562 Ieremiam,
550 2497 580 2548 et
603 2482 731 2548 Daniel:
766 2483 849 2549 illius
881 2499 984 2548 autem
1010 2482 1089 2563 Eloi,
1115 2479 1266 2564 Tobiam,
1290 2499 1321 2548 et
1343 2486 1412 2572 Ag-

342 2611 473 2676 gaeum:
498 2588 580 2654 illius
603 2604 709 2654 autem
734 2587 825 2667 Orei,
849 2587 1037 2668 Michaeam,
1048 2589 1082 2641 (4)
1105 2603 1135 2654 et
1158 2588 1302 2654 Nahum:
1325 2589 1410 2656 illius

342 2713 448 2761 autem
470 2694 649 2782 Astaphaei,
672 2693 839 2776 Hesdram,
862 2713 893 2762 et
916 2693 1120 2782 Sophoniam.
1167 2696 1291 2762 Horum
1315 2695 1411 2785 igitur

342 2803 554 2890 unusquisque
577 2799 754 2890 glorificans
770 2825 863 2868 suum
882 2819 1002 2890 patrem
1022 2817 1053 2867 et
1075 2800 1181 2884 deum,
1206 2802 1357 2890 Sophiam
1378 2823 1410 2870 et

343 2910 442 2995 ipsam
463 2931 516 2996 per
535 2930 590 2974 eos
610 2907 707 2975 multa
728 2907 932 2994 loquutaml⁵l
954 2930 1022 2972 esse
1038 2906 1077 2974 de
1096 2909 1204 2975 Primo
1221 2909 1360 2976 Homine
1379 2927 1411 2976 et

342 3013 568 3102 incorruptibili
584 3016 704 3094 Aeone,
728 3031 758 3080 et
781 3012 819 3086 de
843 3013 897 3080 illo
922 3013 1061 3095 Christo,
1080 3015 1133 3102 qui
1153 3015 1193 3080 sit
1208 3037 1346 3096 sursum,
1362 3014 1411 3082 di-

343 3137 426 3202 cunt,
441 3137 703 3208 praemonentem
717 3137 746 3186 et
762 3135 1028 3186 rememorantem
1044 3120 1190 3187 homines
1202 3121 1233 3187 in
1246 3121 1411 3210 incorrup

342 3225 427 3291 tibile
450 3225 569 3306 lumen,
593 3242 623 3291 et
646 3225 679 3290 in
702 3225 847 3291 Primum
864 3225 1049 3306 Hominem,
1068 3243 1099 3291 et
1122 3227 1154 3291 in
1169 3224 1408 3294 descensionem

343 3332 475 3398 Christi:
500 3330 667 3420 inquibus
691 3332 866 3398 conterritis
890 3331 1090 3419 principibus,
1124 3349 1155 3398 et
1183 3332 1409 3400 admirantibus

343 3441 515 3509 novitatem
535 3440 566 3504 in
585 3437 634 3504 his
652 3461 731 3527 quae
747 3461 767 3516 a
780 3437 939 3526 prophetis
958 3437 1229 3520 annuntiabantur,
1248 3457 1410 3527 operatam

342 3569 410 3611 esse
434 3546 604 3612 Prunicum
628 3567 682 3633 per
706 3542 884 3611 Ialdabaoth
903 3545 1095 3611 nescientem
1113 3545 1186 3634 quid
1206 3545 1307 3629 faciat,
1330 3545 1411 3614 duo-

378 3701 419 3767 (ι)
448 3697 494 3750 Gr.
523 3699 569 3758 Ἐξ
597 3700 633 3750 ὢν
660 3699 848 3759 subdicalcar:
938 3705 980 3770 (3)
999 3701 1142 3757 Neminem
1158 3703 1266 3774 effugiet
1285 3722 1409 3759 momen-

342 3796 400 3854 post
416 3783 479 3835 haec
494 3783 591 3835 electos
604 3799 668 3834 esse.
901 3795 959 3836 tum
978 3783 1055 3836 huius
1070 3783 1179 3837 canonis
1193 3783 1225 3837 V.
1238 3783 1270 3836 T.
1287 3786 1411 3856 gnostici,

378 3867 418 3933 (2)
438 3865 457 3918 l.
477 3882 500 3918 e.
520 3878 621 3935 septem
643 3866 799 3931 archonton,
818 3879 847 3919 ut
903 3868 975 3920 cuius
1004 3868 1110 3938 quidem
1140 3869 1256 3939 origines
1284 3887 1410 3940 quaerere

341 3951 466 4021 sequitur.
513 3950 582 4002 Hinc
607 3961 645 4003 est
666 3951 735 4020 quod
755 3950 847 4004 Celsus
903 3953 1045 4006 utillimum
1065 3964 1140 4006 esset.

341 4047 451 4088 testatur
464 4033 577 4105 Ophitas
591 4035 687 4087 dixisse
700 4036 785 4087 Deum
806 4035 847 4086 lu·
938 4039 980 4106 (4)
991 4037 1060 4108 Lege
1071 4036 1180 4091 fortasse
1194 4058 1207 4087 ι(
1217 4037 1376 4092 Malachiam
1384 4060 1398 4090 a
1404 4082 1423 4114 ,ὃ

341 4120 466 4172 daeorum
474 4123 541 4183 Θεὸς
553 4123 739 4187 κακηραμόνος
752 4120 847 4190 quippe
902 4139 984 4192 quum
1000 4121 1132 4174 Michaeas
1145 4121 1199 4174 iam
1212 4123 1363 4176 occurrerit.

341 4206 384 4274 qui
403 4221 507 4274 semper
526 4203 626 4256 adulari
645 4217 759 4275 cuperet.
939 4207 981 4274 (5)
1000 4203 1053 4258 Csr.
1073 4203 1133 4269 Vll,
1151 4207 1410 4278 3·4(p.125sqq.).
