3172 5044
340 445 384 507 44
756 443 996 489 nnotucouaua

339 637 455 736 polyti
477 639 702 724 tradebatur,
729 664 902 736 quaeque
930 638 1074 712 restitui
1093 654 1230 735 potest,
1253 655 1294 711 ut
1316 638 1411 712 dixi-

339 788 430 846 mus,
454 788 502 835 ex
522 788 576 859 ps.
599 761 831 835 Tertulliano
848 759 902 866 (A
909 764 967 835 dv.
989 762 1128 834 haeres.
1152 764 1235 860 18);
1258 787 1306 836 ex
1326 761 1410 835 Phi—

337 885 463 960 lastrio
493 904 530 960 et
559 885 790 984 Epiphanio:
820 913 951 960 verum
981 887 1074 960 haec
1104 912 1178 959 non
1208 886 1325 960 multa
1344 888 1409 960 ad-

337 1011 430 1084 dunt
445 1011 503 1083 his
517 1035 614 1107 quae
628 1011 730 1083 exlr.
743 1010 929 1084 novimus:
945 1010 1109 1106 nihilque
1123 1026 1277 1107 praeter
1292 1009 1409 1082 XXX

337 1136 493 1210 Aeones
520 1151 558 1210 et
586 1161 705 1233 pauca
732 1136 779 1208 de
799 1135 950 1208 Christo
970 1136 1132 1210 tradunt.
1191 1135 1261 1208 His
1281 1152 1407 1209 autem

338 1261 497 1334 redeunt
526 1277 564 1334 et
604 1260 693 1333 alia:
725 1287 758 1332 v.
794 1287 831 1358 g.
863 1262 900 1333 in
935 1261 979 1333 lr.
1011 1259 1284 1357 expositionem
1313 1285 1407 1356 qua·

338 1385 448 1458 drant
483 1410 603 1483 pauca
640 1410 737 1481 quae
765 1385 813 1458 de
841 1385 949 1482 epist.
988 1385 1144 1458 Ptolem.
1176 1385 1225 1457 ad
1254 1385 1407 1457 Floram

337 1510 461 1606 deque
490 1509 767 1583 commentariis
795 1509 1041 1582 Heracleonis
1075 1509 1211 1582 deduci
1227 1525 1404 1606 possunt:

336 1632 373 1705 in
403 1631 650 1729 Hippolytum
680 1648 718 1705 et
753 1633 1004 1730 Epiphanium
1041 1657 1132 1706 vero
1167 1631 1273 1730 plura
1309 1658 1407 1729 quae

337 1758 384 1829 de
414 1755 567 1854 copticis
596 1755 743 1853 scriptis
772 1758 953 1830 hactenus
979 1756 1176 1853 publicatis
1194 1781 1219 1829 a
1237 1755 1407 1830 Schmidt

339 1880 516 1980 (Lipsiae,
543 1884 672 1978 ¹1905),
702 1898 894 1961 eruuntur.
951 1883 1011 1955 Ex
1043 1883 1113 1955 hac
1142 1898 1267 1956 autem
1297 1882 1408 1955 docu-

338 2023 549 2080 mentorum
579 2005 765 2104 sarragine
795 2032 870 2078 non
899 2004 1002 2102 parvi
1032 2022 1090 2079 est
1120 2005 1271 2104 negotii,
1308 2030 1408 2078 com·

337 2132 513 2227 ponendo
543 2132 602 2226 (ut
620 2131 740 2226 aiunt)
762 2147 799 2203 et
819 2129 1033 2215 dividendo,
1055 2132 1283 2203 substratum
1307 2155 1408 2203 com-

338 2281 450 2328 mune
471 2256 693 2352 depromere
722 2255 823 2351 quod
852 2253 1037 2328 cunctis
1065 2254 1192 2338 subsit,
1214 2255 1402 2351 quodque,

338 2379 367 2452 si
407 2405 481 2452 non
519 2379 640 2477 ipsum
674 2378 731 2464 sit,
772 2394 873 2452 certe
911 2378 1174 2452 Valentiniano
1211 2379 1405 2475 systemati

337 2503 490 2600 propius
518 2503 674 2576 accedit.
733 2503 854 2575 Huius
874 2502 988 2601 igitur
1007 2503 1160 2576 schema
1181 2503 1233 2576 sic
1261 2503 1402 2600 accipe.

417 2626 571 2724 Triplex
589 2627 741 2724 fingitur
757 2629 927 2711 mundus,
946 2653 1012 2701 seu
1028 2627 1153 2724 potius
1173 2627 1300 2700 mundi
1320 2653 1405 2700 sese

336 2751 543 2824 evolventis
572 2751 701 2824 iacies:
733 2753 920 2849 perlectus
950 2778 1017 2824 seu
1045 2753 1227 2836 Pleroma,
1260 2750 1405 2825 medius

337 2903 403 2950 seu
431 2877 609 2962 MesoteS,
634 2876 867 2950 infimus-seu
887 2877 1080 2949 Kenoma:
1111 2875 1234 2973 primo
1254 2892 1405 2973 praeest

336 3003 528 3099 Propator,
559 3001 665 3075 alteri
695 3002 938 3099 Demiurgus,
969 3001 1079 3074 tertio
1114 3001 1401 3074 Cosmocrator:

337 3128 503 3200 incolunt
530 3128 691 3225 primum
719 3127 884 3209 Aeones,
915 3125 1073 3200 alterum
1092 3127 1229 3225 angeli,
1253 3127 1404 3200 tertium

336 3277 426 3325 vero
441 3251 613 3325 homines
632 3277 676 3324 ac
693 3251 911 3330 daemones,
968 3251 1009 3323 ln
1030 3275 1259 3348 unoquoque
1276 3265 1404 3326 autem

335 3377 448 3449 veluti
477 3377 547 3448 tria
572 3391 762 3449 momenta
791 3375 1064 3474 intelliguntur:
1096 3375 1324 3462 constituti0,
1346 3401 1404 3448 ca·

336 3527 409 3584 sus,
450 3499 643 3584 restitutio
685 3525 782 3596 quae
820 3501 972 3596 quidem
1009 3501 1080 3574 tria
1102 3486 1154 3573 ¹iu
1192 3499 1403 3575 Pleromate

335 3628 500 3724 perfecte
529 3627 724 3712 habentur,
756 3627 792 3698 in
821 3627 956 3700 ceteris
984 3652 1074 3700 vero
1104 3628 1260 3701 confusa
1278 3653 1323 3701 ac
1341 3651 1404 3699 ve-

336 3751 400 3824 luti
417 3752 624 3825 obliterata.
669 3753 841 3824 Pleroma
856 3768 995 3825 const
1007 3752 1016 3824 i
1028 3752 1114 3825 tuit
1126 3778 1177 3825 ur
1191 3751 1404 3825 successiva

336 3875 635 3950 manifestatione
655 3875 729 3947 Dei
749 3877 796 3949 ab
826 3876 921 3949 intra
944 3877 993 3949 ad
1013 3893 1120 3949 extra
1147 3902 1217 3973 per
1234 3877 1401 3960 Aeonas

335 4026 400 4074 seu
417 4017 607 4074 momenta
618 4000 897 4098 psychologica‚
917 4000 1019 4074 iuxta
1034 4000 1310 4073 successionem
1335 4000 1404 4072 ho-

334 4150 415 4198 rum
446 4150 685 4198 numerorum
707 4127 743 4221 (1
771 4126 806 4197 in
824 4149 847 4215 4
868 4124 923 4222 in)
956 4127 1037 4219 8,ss
1064 4129 1168 4219 ro-l-
1194 4149 1235 4196 12
1255 4157 1313 4189 =
1334 4147 1400 4217 303
