3288 5060
229 491 382 562 (XIV,1).]
652 495 743 542 rnen
767 495 880 542 nmmos
1233 495 1295 561 235

230 707 335 758 autem
358 713 427 758 esse
449 692 516 756 eius
535 690 589 778 qui
612 691 644 757 in
664 712 703 757 eo
718 689 912 758 descenderit
930 691 1057 779 spiritus
1075 687 1113 758 ad
1132 689 1299 779 perlectio-

230 797 367 864 nemzl¹l
400 813 430 864 et
456 795 532 864 illud
555 795 683 885 quidem
707 798 853 880 animale,
877 796 963 864 illam
995 813 1101 864 autem
1125 797 1297 886 spiritalem

228 927 296 972 esse
319 906 551 995 repromittunt.
597 905 636 971 Et
665 901 820 993 baptisma
841 903 969 993 quidem
993 928 1010 972 a
1033 905 1149 972 Ioanne
1176 929 1298 972 annun-

227 1013 338 1079 tiatum
362 1014 395 1079 in
421 1013 656 1099 poenitentiam,
688 1009 937 1099 redemptionem
960 1028 1066 1080 autem
1096 1012 1162 1079 eius
1185 1014 1239 1100 qui
1262 1014 1295 1078 in

227 1141 266 1186 eo
292 1137 339 1185 est
371 1117 500 1199 Christi,
528 1119 663 1205 positam
674 1118 708 1173 (¹)
737 1141 806 1184 esse
836 1117 887 1185 ad.
906 1117 1152 1206 perfectionem:
1177 1136 1207 1184 et
1235 1119 1295 1184 hoc

226 1249 295 1292 esse
310 1224 348 1292 de
361 1247 425 1313 quo
440 1223 530 1291 dicit:
547 1251 567 1288 rr
582 1224 678 1291 Aliud
698 1225 851 1312 baptisma
867 1223 966 1291 habeo
983 1223 1139 1312 baptizari,
1154 1240 1184 1290 et
1204 1224 1294 1292 valde

231 1359 247 1394 ιι
259 1352 393 1420 propero
405 1331 442 1399 ad
455 1329 530 1398 illud
544 1357 572 1397 ν,
582 1331 616 1387 (ι)
656 1330 717 1399 Sed
729 1348 760 1399 et
771 1330 843 1398 filiis
856 1330 1016 1413 Zebedaei,
1034 1347 1133 1398 matre
1150 1332 1292 1419 ipsorum

226 1437 412 1526 postulante,
428 1454 462 1503 ut
480 1435 588 1503 sedere
607 1435 720 1504 faceret
735 1460 790 1503 eos
810 1460 827 1503 a
845 1435 961 1504 dextris
980 1454 1044 1505 eta
1063 1421 1200 1504 sinixtris
1220 1460 1294 1504 cum

226 1565 265 1610 eo
295 1545 328 1609 in
360 1566 469 1632 regn0,
500 1543 580 1610 hanc
613 1545 795 1632 apposuisse
830 1541 1080 1632 redemptionem
1115 1546 1295 1612 Dominum

225 1649 343 1730 dicunt,
362 1649 535 1717 dicentem:
557 1677 573 1713 ιι
592 1651 728 1716 Potestis
746 1649 938 1738 baptismum
958 1649 1115 1738 baptizari,
1134 1651 1218 1740 quod
1234 1674 1295 1739 ego

228 1784 244 1820 ι
259 1755 359 1824 habeo
371 1755 598 1844 baptizamus>
632 1755 670 1823 Et
682 1757 815 1824 Paulum
829 1755 992 1824 manifeste
1004 1755 1111 1824 dicunt
1123 1781 1204 1838 eam,
1216 1781 1295 1846 quae

226 1863 266 1928 sit
284 1864 316 1928 in
336 1861 465 1930 Christo
482 1863 564 1943 Iesu,
583 1860 832 1950 redemptionem
852 1864 1034 1951 saepissime
1052 1861 1243 1930 ostendisse:
1264 1880 1295 1929 et

225 1991 293 2034 esse
312 1967 391 2034 hanc
407 1990 477 2034 eam
492 1991 570 2056 quae
590 1966 627 2033 ab
647 1969 722 2055 ipsis
737 1969 822 2034 varie
842 1984 872 2033 et
890 1969 1132 2034 inconsonanter
1152 1966 1293 2036 traditur.

224 2155 304 2228 τιιῖιν,
317 2149 370 2230 τὴν
382 2147 416 2210 δὲ
427 2146 634 2232 ἀπολύτρωσιν
646 2155 698 2210 τοῦ
710 2147 742 2211 ἐν
753 2149 834 2230 αὐτῷ
846 2147 1013 2232 πνεύματος
1025 2147 1237 2230 κατελθύντος,
1251 2149 1293 2224 εἰς

223 2253 391 2318 τελείωσιν·
403 2256 501 2317 καὶτὸ
513 2255 567 2338 μὲν
580 2254 719 2340 ψυχικὸν,
731 2257 785 2338 τὴν
798 2254 832 2317 δὲ
848 2257 1052 2338 πνευματικὴν
1068 2255 1141 2319 εἶναι
1153 2254 1293 2338 ύρίσταν·

223 2381 280 2424 ται.
327 2360 390 2425 Καὶ
404 2363 438 2424 τὸ
452 2363 507 2445 μὲν
523 2360 675 2446 βάπτισμα
690 2362 748 2424 ὑπὸ
763 2359 907 2425 ’Ῑωάννου
921 2359 1134 2445 κατργγέλθαι
1148 2362 1190 2437 εἰς
1206 2361 1293 2446 μετά-

223 2487 313 2547 νααν,
326 2468 379 2549 τὴν
390 2466 423 2529 δὲ
435 2465 642 2549 ἀπολύτρωσιν
653 2466 711 2529 ὑπὸ
724 2465 858 2551 Χριστοῦ
874 2465 1059 2550 κεκομίσθαι
1071 2468 1113 2543 εἰς
1129 2466 1290 2531 τελείωσιν.

223 2569 286 2634 Καὶ
306 2569 386 2634 τοῦτ’
399 2572 473 2635 εἶναι
486 2573 555 2658 περὶ
570 2573 605 2634 ού
621 2570 722 2658 λέγει·
749 2571 843 2636 «Καὶ
861 2573 939 2637 ἄλλο
959 2572 1112 2658 βάπτισμα
1135 2575 1199 2657 ἔχω
1219 2573 1293 2659 βαπ-

225 2699 240 2736 ιι
254 2676 403 2759 ποθῆναι,
433 2677 487 2739 καλ
516 2675 594 2740 πάνυ
621 2676 780 2761 ἐπείγομαι
803 2679 845 2753 εἰς
868 2678 941 2741 αύτύ
956 2701 984 2740 u.
1032 2675 1135 2742 Ἀλλά
1158 2680 1292 2754 καὶτοῖς

221 2781 293 2857 υἱοῖς
308 2781 481 2868 Ζεβεδαίου,
497 2791 550 2866 τῆς
564 2787 675 2868 μητρὸς
688 2785 787 2847 αὐτῶν
800 2782 976 2867 αἰτουμένης
989 2787 1023 2847 τὸ
1039 2783 1166 2848 καθίσαι
1185 2787 1292 2860 αύτούς

221 2887 258 2953 ἐκ
272 2889 374 2966 δεξιῶν
389 2892 440 2954 καλ
456 2887 489 2966 ἑξ
504 2892 665 2974 ἀριστερῶν
687 2890 754 2974 μετ’
767 2893 859 2954 αὐτοῦ
874 2893 916 2968 εἰς
932 2895 986 2975 τὴν
1001 2891 1162 2978 βασιλείαν,
1182 2892 1291 2976 ταύτην

220 2995 397 3080 προσθεῖναι
428 2998 482 3079 τὴν
511 2995 718 3081 ἀπολύτρωσιν
750 3000 800 3061 τάν
831 2997 943 3082 Κύριον
973 2995 1122 3081 λέγουσιν,
1152 2997 1289 3061 εἰπόντα·

223 3127 239 3162 ιι
254 3101 397 3166 Δύνασθε
425 3105 461 3166 τὸ
490 3101 643 3187 βάπτισμα
674 3103 886 3189 βαπτισθῆναι,
917 3105 934 3166 ἀ
964 3104 1025 3188 ἐγὼ
1056 3105 1159 3188 μέλλω
1190 3103 1291 3190 βαπτί-

223 3231 239 3268 ιι
252 3206 382 3290 {eodem
396 3233 412 3268 υ
441 3206 505 3271 Καὶ
526 3211 577 3272 τὸν
601 3207 724 3272 Παῦλον
748 3208 843 3294 ρητιῑις
865 3209 1016 3292 φάσκουσι
1039 3213 1092 3294 τὴν
1116 3211 1147 3275 ἐν
1166 3209 1289 3294 Χριστῷ

219 3312 322 3398 Ἰησοῦ
353 3314 559 3399 ἀπολύτρωσιν
582 3315 729 3392 πολλάκις
752 3315 970 3401 μεμηνυκέναι·
1003 3319 1056 3380 καλ
1083 3318 1156 3380 εἶναι
1179 3316 1290 3402 ταύτην

218 3422 272 3503 τὴν
294 3419 345 3486 ὑπ’
362 3423 460 3486 αὐτῶν
481 3421 625 3499 ποικίλως
648 3424 700 3487 καὶ
723 3422 907 3506 ἀσυμφώνως
929 3422 1176 3509 παραδιδομένην.

255 3629 389 3696 (illesus
414 3637 471 3683 sese
496 3630 669 3684 manifestans
694 3633 727 3685 ad
817 3633 859 3700 (ι)
878 3632 944 3684 Lus.
965 3632 1024 3696 XII,
1049 3647 1095 3699 5o;
1115 3632 1142 3684 in
1164 3631 1288 3684 omnibus

220 3711 363 3766 lordonum
378 3713 519 3784 baptizatus
534 3726 574 3768 est
590 3715 727 3780 aloanne,
781 3716 857 3770 codd.
885 3717 966 3770 habes
993 3723 1050 3780 πῶς
1078 3719 1223 3784 συνέχομαι
1250 3721 1288 3780 εἰς

219 3794 340 3849 redemtus
365 3813 429 3850 vero
454 3815 469 3850 ιι
492 3797 591 3868 Spiritu
619 3800 727 3853 descen·
781 3805 858 3865 ἀτου;
886 3802 941 3854 sola
969 3813 1060 3854 tamen
1089 3800 1235 3852 similitudo
1258 3798 1288 3851 li·

218 3880 297 3934 dente
310 3893 338 3934 ut
353 3883 476 3936 columba
493 3884 520 3936 in
536 3883 632 3955 ipsum.
672 3885 725 3939 Cfr.
780 3897 907 3948 terarum,
919 3885 968 3939 etsi
984 3903 1082 3955 magna
1101 3887 1144 3950 sit,
1162 3901 1216 3936 non
1236 3881 1288 3935 sus·

218 3980 322 4035 quoque
346 3965 410 4019 Exc.
439 3965 531 4022 Theoti.
557 3982 604 4033 22;
632 3967 725 4022 Philus.
780 3967 835 4022 ficit
859 3968 891 4021 ad
913 3969 1127 4022 immutationem
1154 3967 1287 4037 explican-

218 4045 265 4110 Vl,
286 4063 326 4118 35.
780 4053 852 4106 dam.

253 4133 295 4200 (2)
320 4131 423 4188 Graece
448 4135 603 4206 simplicius,
631 4137 725 4190 redem-
815 4137 857 4205 (4)
877 4138 967 4191 Mene.
987 4137 1021 4202 Χ,
1044 4139 1089 4206 38;
1111 4137 1284 4190 adsensum:

217 4215 319 4270 tionem
339 4233 354 4270 ο
375 4216 476 4272 Christo
491 4221 599 4290 positum
618 4232 668 4274 etc.
781 4223 929 4293 baptismum
941 4235 979 4276 est
990 4233 1016 4275 et
1028 4222 1054 4274 in
1068 4221 1144 4274 codd.
1153 4221 1286 4274 omnibus.
