3172 5044
271 455 556 502 l'ALENTlNlANlSMl
576 457 839 502 FUNDAMENTALE
859 457 1086 504 ARGUMENTUM
1173 459 1212 524 45

143 651 192 726 ita
219 669 348 726 tamen
378 670 419 726 ut
447 653 483 726 in
512 654 582 726 hac
610 654 847 728 successione
867 657 991 728 virtus
1010 656 1133 755 magis
1151 658 1215 731 de-

143 776 308 852 bilitetur
348 804 392 852 ac
435 796 607 878 emergat
638 782 775 876 passio,
816 806 914 878 quae
946 782 1099 855 demum
1131 808 1214 878 pro-

143 903 282 1002 rumpit
300 930 345 978 ac
374 919 629 1001 separatur
656 929 679 978 a
698 907 908 979 Pleromate
928 924 967 980 et
985 907 1212 1005 reliquorum

141 1053 254 1102 causa
275 1029 326 1102 fit.
374 1029 522 1125 Lapsus
542 1029 601 1102 hic
620 1046 875 1127 reparatur
894 1057 961 1129 per
975 1034 1125 1130 gnosz'm
1146 1059 1212 1108 seu

140 1179 207 1250 per
236 1153 457 1250 mysterium
488 1153 617 1226 infiniti
647 1179 722 1250 quo
750 1155 903 1228 demum
941 1156 1097 1229 Aeones
1127 1183 1212 1230 con·

139 1295 376 1350 summantur
391 1278 427 1349 in
444 1303 570 1350 unum.
616 1278 825 1351 Restitutor
840 1304 905 1352 seu
923 1281 1139 1378 redemptor
1154 1297 1212 1354 est

140 1401 502 1500 Christus-Spiritus
530 1401 580 1486 S„
612 1402 807 1476 harmonia
836 1401 955 1476 finalis
983 1405 1098 1477 lesus.

220 1527 263 1599 ln
280 1526 507 1623 reliquorum
524 1527 746 1600 mundorum
763 1527 977 1600 evolutione
988 1529 1124 1627 triplex
1135 1554 1212 1602 mo-

139 1667 309 1724 mentum
336 1653 451 1725 veluti
479 1652 702 1725 absorbetur
730 1650 933 1725 sublimiori
951 1654 1209 1750 conceptione,

139 1801 214 1873 qua
260 1775 427 1850 evolutio
475 1776 568 1850 haec
616 1792 657 1849 ut
703 1801 902 1873 processus
935 1777 1094 1850 habetur
1136 1804 1213 1874 quo

138 1903 325 1973 terminus
351 1903 484 1973 ez'actus
512 1917 741 1974 restauratur
777 1927 845 1999 per
881 1901 1030 1999 gnosim
1061 1902 1096 1974 in
1126 1928 1212 2000 per·

138 2025 281 2098 lectum
309 2024 479 2122 spiritum
499 2051 543 2098 ac
572 2025 622 2098 ita
650 2024 687 2098 in
707 2024 880 2098 Pleroma
900 2027 1098 2099 adducitur
1116 2043 1155 2100 et
1173 2027 1209 2099 in

137 2151 223 2222 lesu
243 2175 311 2222 seu
328 2150 523 2223 harmonia
541 2149 758 2224 absumitur.
813 2150 994 2223 Attamen
1023 2152 1209 2246 quaedam

137 2274 262 2348 lineae
290 2273 539 2347 similitudinis
567 2274 691 2348 adhuc
719 2274 861 2372 percipi
890 2292 1065 2371 possunt:
1096 2274 1210 2371 igitur

137 2397 338 2472 Mesotetis
373 2397 588 2472 constitutio
626 2398 666 2470 fit
702 2399 916 2472 evolutione
952 2401 1094 2473 eiectae
1128 2425 1209 2497 pas·

137 2522 257 2596 sionis
286 2523 368 2618 (seu
390 2523 529 2595 fructus
550 2523 659 2620 eius),
681 2523 786 2596 cuius
813 2523 926 2597 veluti
947 2523 1072 2621 lapsus
1093 2541 1150 2596 est
1170 2524 1206 2596 in

138 2647 384 2722 dissolutione
413 2672 458 2720 ac
477 2647 787 2744 separatione
813 2649 1044 2721 substantiae
1068 2675 1115 2721 ex
1135 2674 1210 2745 qua

138 2773 292 2845 demum
308 2772 483 2844 Kenoma
501 2772 804 2845 esiornratur:
827 2773 1129 2845 restauratio
1149 2798 1209 2844 eo-

137 2897 226 2970 dem
257 2896 371 2969 modo
399 2894 595 2969 inchoatur
623 2922 645 2968 a
671 2894 997 2992 Christo-Spiritu,
1021 2896 1211 2993 perficitur

136 3047 229 3095 vero
248 3047 271 3094 a
292 3021 374 3094 lesu
394 3045 462 3118 per
480 3021 630 3118 gnosim
649 3046 693 3094 ac
716 3020 936 3094 inditionem
959 3023 1114 3094 seminis
1135 3022 1209 3116 spi·

139 3147 280 3230 ritulis,
304 3146 340 3218 in
365 3145 469 3220 cuius
497 3145 727 3242 perfectione
756 3145 936 3220 terminus
965 3147 1037 3220 iam
1067 3147 1210 3220 eiectus

137 3272 337 3344 inducetur
347 3271 383 3344 in
395 3269 575 3344 Pleroma.
624 3271 890 3344 Accessorium
901 3287 1038 3354 autem,
1053 3297 1118 3345 seu
1133 3273 1208 3344 lata

137 3394 382 3478 substantiae,
404 3421 427 3467 a
444 3420 519 3491 qua
547 3395 732 3481 Kenoma,
763 3421 877 3492 super
906 3397 1057 3470 schema
1077 3395 1208 3492 princi·

137 3519 224 3618 pale
254 3521 290 3592 in
320 3520 542 3592 immensum
580 3518 714 3593 crescit
751 3520 1011 3619 (Demiurgus,
1053 3520 1207 3617 Septem

139 3644 257 3726 Caeli.
293 3643 497 3742 [Ogdoas]‚
533 3659 610 3716 tres
645 3643 887 3730 substantiae,
929 3646 1205 3726 Cosmocrator‚

137 3768 327 3852 homines;
349 3793 445 3865 quae
473 3768 598 3841 omnia
626 3770 663 3842 in
692 3768 820 3842 schola
840 3770 1059 3866 praesertim
1090 3769 1208 3841 Ptole·

138 3891 239 3966 maei
269 3891 431 3965 maxime
466 3909 553 3965 sunt
589 3895 769 3991 evoluta).
827 3895 946 3967 Tertii
986 3893 1111 3967 mundi
1141 3921 1208 3966 seu

137 4017 363 4092 Kenomatis
379 4017 531 4092 historia
546 4020 595 4092 ad
610 4020 801 4093 hominum
819 4021 894 4094 sata
910 4021 1051 4094 recidit.
1097 4021 1209 4093 Con-

137 4142 330 4217 stitutio
345 4143 478 4216 horum
493 4160 551 4217 est
567 4169 614 4216 ex
629 4144 860 4244 quadruplici
877 4145 1100 4230 substantia;
1123 4169 1209 4217 evo·
