3274 5100
330 475 391 540 352
616 475 743 521 rneuasr
767 475 927 521 abversus
952 475 1106 520 naruescs
1244 472 1328 541 [an
1345 487 1391 541 3-5

329 687 400 735 sunt
424 668 595 756 improprie
629 665 850 734 emissionibus
885 666 947 744 usi·,
982 682 1053 754 post
1087 663 1198 732 deinde
1227 664 1396 732 bominum

328 773 520 855 affectiones,
544 791 573 840 et
593 775 765 862 passioneS,
788 789 819 839 et
837 774 1026 840 intentiones
1041 773 1156 840 mentis
1174 772 1397 852 describentes,

328 881 434 947 Deum
457 897 563 946 autern
586 881 785 967 ignorantes:
819 878 1024 966 quiquidem
1054 903 1088 946 ea
1116 903 1194 968 quae
1222 877 1398 946 obveniunt

328 986 510 1054 hominibus
533 985 570 1053 ad
604 985 796 1073 loquendum
825 986 925 1067 eos‚(¹)
948 986 1102 1074 applicant
1129 988 1276 1052 omnium
1300 987 1396 1066 Patri,

327 1117 423 1181 quem
457 1095 552 1160 etiam
587 1092 732 1182 ignotum
755 1092 905 1159 omnibus
935 1092 1058 1174 dicunt;
1095 1111 1244 1180 negantes
1267 1092 1395 1180 quidem

327 1203 431 1288 ipsum
455 1199 611 1267 mundum
635 1199 755 1280 fecisse,
787 1215 820 1265 ut
852 1222 894 1266 ¹ne
918 1199 1046 1286 quidem
1068 1199 1200 1286 pusillus
1223 1200 1397 1286 putetur,(²)

329 1304 496 1372 hominum
521 1323 625 1381 autem
644 1304 825 1371 affectiones
845 1321 874 1370 et
897 1305 1058 1392 passiones
1076 1303 1238 1371 donantes.
1285 1304 1317 1371 Si
1341 1328 1398 1370 au·

329 1429 393 1477 tem
419 1413 592 1500 Scripturas
616 1413 850 1500 cognovissent,
875 1427 905 1476 et
921 1435 937 1477 a
953 1413 1083 1477 ueritate
1101 1410 1186 1478 docti
1205 1428 1320 1492 essent,
1336 1415 1399 1478 sci·

330 1535 397 1584 rent
413 1519 520 1605 utique
534 1519 684 1606 quoniam
699 1541 764 1583 non
779 1518 824 1584 sic
839 1517 938 1596 Deus,
951 1516 1221 1605 quemadmodum
1236 1518 1397 1600 homines;

330 1642 360 1690 et
390 1647 455 1691 non
478 1627 523 1692 sic
546 1625 752 1712 cogitationes
781 1625 858 1705 eius,
881 1623 1045 1712 quomodo
1069 1626 1274 1713 cogitationes
1293 1626 1399 1692 homi-

330 1732 452 1798 num.(³)
497 1731 635 1797 Multum
659 1733 743 1797 enirn
767 1729 860 1797 distat
887 1732 1033 1797 omniurn
1063 1732 1155 1798 Pater
1177 1733 1216 1798 ab
1239 1733 1288 1798 his
1318 1756 1397 1821 quae

331 1839 518 1926 proveniunt
542 1837 722 1904 hominibus
746 1835 964 1903 affectionibus
980 1854 1010 1903 et
1026 1837 1240 1925 passionibus:
1266 1857 1295 1905 et
1319 1841 1398 1906 sim-

331 1947 409 2034 plex,
436 1962 466 2012 et
489 1969 554 2012 non
573 1946 778 2031 compositus
802 1961 832 2010 et
855 1944 1173 2026 similimembrius‚(⁴)
1187 1965 1217 2012 et
1233 1963 1317 2013 totus
1332 1948 1397 2035 ipse

332 2053 517 2140 sibimetipsi
541 2053 664 2134 similis,
688 2069 718 2118 et
741 2053 877 2141 aequalis
893 2069 950 2133 est,
974 2069 1058 2119 totus
1075 2076 1173 2141 quurn
1190 2055 1229 2120 sit
1243 2054 1399 2135 sensus‚(⁵)

331 2177 361 2225 et
385 2175 469 2226 totus
493 2161 629 2247 spiritus,
654 2176 684 2225 et
707 2175 791 2225 totus
816 2157 1040 2241 sensuabilitas‚
1060 2178 1091 2226 et
1113 2176 1198 2226 totus
1218 2183 1347 2242 ennoea,
1367 2178 1398 2226 et

331 2283 416 2333 totus
439 2267 529 2348 ratio,
553 2284 582 2332 et
606 2281 691 2332 totus
718 2265 852 2347 auditus,
876 2281 906 2330 et
929 2281 1014 2332 totus
1037 2266 1159 2348 oculus,
1183 2284 1215 2333 et
1241 2282 1326 2333 totus
1350 2267 1398 2334 lu-

332 2397 416 2454 men,
433 2389 463 2438 et
478 2387 563 2438 totus
577 2371 647 2439 fons
662 2373 808 2437 omnium
829 2369 987 2438 bonorum
997 2397 1006 2454 ;
1025 2372 1295 2460 quemadmodum
1312 2373 1398 2441 adest

332 2479 486 2566 religiosis
509 2502 543 2545 ac
568 2479 625 2567 piis
649 2476 751 2544 dicere
774 2476 812 2543 de
836 2479 916 2544 Deo.

399 2608 429 2670 4.
455 2585 510 2650 Est
533 2601 638 2650 autern
662 2601 691 2649 et
715 2607 806 2671 super
830 2582 917 2662 baec,
939 2600 969 2650 et
992 2601 1119 2673 propter
1142 2585 1218 2653 haec
1241 2588 1398 2654 inenarra-

333 2692 412 2758 bilis.
458 2693 575 2758 Sensus
599 2692 684 2756 enim
708 2713 803 2777 capax
826 2692 973 2756 omnium
998 2690 1077 2758 bene
1100 2710 1131 2759 et
1161 2711 1243 2760 recte
1267 2693 1397 2775 dicetur,

333 2799 386 2866 sed
410 2821 475 2865 non
499 2798 611 2864 similis
635 2797 803 2863 hominurn
827 2799 950 2863 sensui:
976 2799 1138 2866 etlumen
1162 2802 1336 2868 rectissime
1351 2799 1399 2868 di-

333 2924 429 2988 cetur,
454 2903 508 2971 sed
526 2904 603 2970 nihil
628 2903 731 2969 simile
754 2905 793 2984 ei,
817 2902 900 2990 quod
925 2920 971 2969 est
995 2906 1168 2973 secundum
1188 2931 1258 2990 nos,
1275 2907 1398 2974 lumini.

367 3109 409 3175 (ι)
428 3106 610 3160 Graecismus:
624 3109 687 3172 πρὸς
699 3109 730 3158 τὸ
745 3107 838 3157 λαλεῖν
892 3105 970 3158 tuerit
992 3106 1154 3177 [Massurerl

333 3196 428 3257 ἀυτοὺς
446 3217 463 3237 =
482 3209 563 3263 quum
600 3191 648 3260 ipsi
687 3191 838 3262 loquuntur.
928 3193 939 3256 (
944 3193 969 3258 3)
989 3191 1092 3244 Alludit
1106 3193 1198 3262 procul
1210 3193 1290 3246 dubio
1302 3194 1334 3246 ad
1345 3193 1399 3246 lsn.

333 3277 417 3332 Tunr.
436 3276 509 3345 (Vol.
529 3278 558 3345 4)
580 3277 645 3330 haec
669 3293 731 3346 prae
756 3275 838 3328 oculis
892 3273 947 3340 LV,
961 3276 986 3329 8.

332 3363 411 3415 habet
421 3379 501 3433 quum
512 3363 619 3414 Aeonas
629 3373 838 3430 vocat:«perso-
927 3361 970 3426 (4)
989 3363 1171 3428 ’ομοιομιιρής,
1202 3377 1254 3414 vox
1283 3362 1400 3432 philoso-

337 3466 349 3494 «
360 3447 432 3499 nales
446 3446 617 3498 substantias.
626 3485 647 3498 ..
661 3462 725 3515 quas
740 3443 838 3497 Valen-

337 3530 430 3582 «tinus
449 3530 476 3582 in
495 3530 550 3600 ipsa
569 3547 673 3582 summa
692 3529 838 3582 divinitatis

337 3636 349 3663 (ι
360 3629 388 3667 ut
407 3632 497 3667 sensus
517 3627 542 3668 et
561 3613 669 3668 allectus
691 3626 780 3667 motus
798 3614 838 3666 in-

337 3701 506 3752 «cluserat».
543 3698 583 3752 Ex
607 3700 648 3752 his
672 3717 736 3752 vero
757 3699 838 3770 liquet

334 3784 445 3837 omnino
469 3785 576 3837 Aeonas
603 3802 618 3838 a
643 3783 838 3836 Valentinianis

335 3870 432 3922 assumi
451 3881 479 3922 ut
495 3881 631 3922 momenta
651 3868 839 3939 psychologica

334 3955 361 4007 in
375 3953 527 4008 evolutione
539 3954 581 4006 vel
594 3954 756 4007 revelatione
769 3953 839 4005 vitae

334 4039 448 4092 divinae.

370 4127 413 4192 (ι)
432 4123 564 4188 Iulimrus,
579 4135 670 4194 utpote
683 4122 726 4194 qui
740 4122 841 4175 malum

335 4207 391 4261 fieri
419 4227 433 4262 a
458 4209 551 4262 creatis
576 4220 695 4261 avertere
717 4224 771 4260 non
796 4225 842 4278 po·

893 3445 952 3514 phis
968 3445 1034 3498 bene
1049 3445 1185 3515 cognitam
1204 3444 1262 3514 (cst.
1274 3458 1301 3499 et
1312 3445 1399 3498 Lucu.

893 3529 933 3580 De
952 3547 1000 3581 rer.
1017 3535 1068 3581 nat.
1081 3529 1102 3594 1,
1115 3529 1189 3597 830),
1208 3547 1288 3600 quam
1300 3530 1333 3584 Ir.
1343 3531 1400 3600 ipse

892 3615 1005 3684 explicat
1033 3631 1079 3684 per
1103 3631 1134 3666 ea
1156 3630 1221 3684 quae
1246 3614 1400 3668 immediate

892 3710 1044 3768 sequuntur.
1085 3697 1139 3751 Cfr.
1159 3699 1203 3769 qui
1222 3698 1292 3750 hunc
1311 3698 1400 3751 locum

894 3783 1011 3836 imitatus
1029 3793 1069 3835 est
1088 3782 1200 3835 Cunna.
1221 3781 1319 3835 Catecb.
1338 3780 1363 3834 6.

929 3870 971 3935 (5)
993 3869 1070 3931 Νοῦς,
1099 3879 1127 3919 ut
1156 3869 1209 3920 iam
1238 3867 1401 3930 monuimus,

895 3953 1057 4024 intelligatur
1066 3953 1109 4005 lric
1122 3963 1148 4005 et
1161 3952 1189 4005 in
1201 3952 1324 4004 omnibus
1334 3967 1402 4022 quae

894 4049 1038 4109 sequuntur
1048 4037 1091 4090 ubi
1102 4053 1154 4090 vox
1163 4053 1249 4089 sensus
1256 4035 1376 4090 occurrit.
1383 4066 1402 4074 -

895 4119 996 4174 Graece
1023 4121 1088 4174 haec
1115 4120 1239 4190 leguntur
1266 4120 1323 4190 plus
1350 4118 1402 4171 mi-

896 4223 979 4259 nusve
998 4205 1018 4270 l,
1037 4219 1086 4270 xri,
1108 4219 1133 4256 2.
