3274 5100
225 515 297 584 <xx‚
310 513 480 584 2-xx1,2).]
622 515 711 562 uiuere
734 513 897 561 secuuuus
1229 514 1292 580 377

224 713 389 800 imputant,
413 712 501 798 quasi
524 710 573 776 his
596 709 697 778 adhuc
721 711 802 776 circa
823 732 955 798 eaquae
978 707 1127 776 deorsum
1147 725 1219 775 sunt
1238 733 1296 776 vo·

223 817 391 883 luntatibus
415 838 513 905 usque
538 815 574 882 ad
599 817 734 904 primam
754 833 785 881 et
804 815 975 881 secundam
998 815 1245 898 octonarionem,
1265 833 1294 882 et

223 941 294 1012 post
309 925 435 1012 triginta
448 925 573 990 Aeonas
589 922 714 990 indocte
730 939 837 1011 putare
852 945 908 988 eos
927 923 1031 988 statim
1045 923 1204 989 invenisse
1220 946 1294 990 eum

221 1031 274 1119 qui
299 1053 391 1118 supra
415 1031 521 1096 omnia
544 1045 591 1096 est
607 1031 744 1112 Patrem,
763 1051 827 1095 non
852 1030 1075 1116 investigantes
1099 1029 1239 1096 sensul¹l
1262 1031 1295 1096 in

222 1137 252 1205 id
271 1137 356 1226 quod
375 1154 422 1204 est
445 1160 537 1226 super
556 1157 681 1203 cccuxv
697 1136 799 1203 caelos
818 1136 975 1218 Pleroma,
988 1159 1067 1225 quae
1078 1137 1111 1191 (²)
1131 1154 1177 1203 est
1202 1159 1292 1225 supra

221 1244 425 1333 quadraginta
451 1247 587 1334 quinque
618 1243 787 1332 ogdoadas.
835 1245 873 1310 Et
897 1243 958 1310 illis
980 1243 1095 1310 iterum
1119 1245 1198 1310 iuste
1221 1245 1293 1331 quis

223 1350 397 1440 imputabit,
413 1350 535 1439 fingens
557 1369 691 1440 quatuor
715 1351 812 1440 millia
831 1368 861 1417 et
880 1371 941 1418 ccc
960 1369 990 1417 et
1014 1371 1100 1418 cxxx
1119 1351 1222 1418 caelos
1240 1351 1293 1418 vel

223 1461 359 1525 Aeonas:
372 1461 523 1546 quoniam
540 1457 571 1524 hi
586 1458 653 1525 dies
669 1459 742 1524 anni
755 1473 855 1524 tantas
868 1457 961 1524 horas
974 1457 1097 1524 habent.
1137 1459 1170 1526 Si
1185 1475 1290 1524 autern

221 1567 292 1652 quis
309 1583 339 1631 et
355 1567 496 1632 noctium
513 1581 657 1653 apponat,
670 1563 830 1652 duplicans
843 1563 1014 1652 praedictas
1027 1563 1131 1644 horas,
1144 1588 1292 1654 magnam

223 1673 458 1740 multitudinem
490 1674 739 1751 octonationum,
764 1689 795 1738 et
825 1671 1085 1738 innumerabilem
1121 1672 1291 1760 quamdam

222 1781 369 1844 Aeonum
393 1781 616 1867 operositatem
628 1779 661 1832 (⁵)
684 1795 794 1866 putans
817 1778 1024 1860 adinvenisse,
1044 1777 1194 1844 adversus
1218 1801 1290 1844 eum

222 1887 275 1970 qui
299 1902 345 1951 est
369 1908 461 1974 super
485 1886 591 1952 omnia
615 1886 707 1951 Pater
731 1887 875 1951 omnium
899 1886 1103 1973 semetipsum
1127 1883 1292 1974 perfectio-

223 2013 289 2056 rem
323 1993 494 2080 suspicans,
519 1991 628 2058 eadem
661 1991 810 2058 omnibus
836 1990 1019 2080 imputabit;
1042 1994 1194 2081 quoniam
1225 2015 1289 2058 non

222 2096 377 2164 sufficiant
400 2100 432 2164 in
452 2098 647 2165 altitudinem
671 2100 737 2165 eius
760 2122 839 2187 quae
859 2097 896 2164 ab
915 2101 984 2186 ipso
1006 2097 1165 2165 dicebatur
1184 2099 1290 2166 multi·

220 2205 297 2272 tudo
322 2205 480 2272 caelorum
500 2206 549 2272 vel
570 2209 733 2286 Aeonum3
757 2205 811 2275 sed
834 2204 1012 2274 deficientes
1030 2207 1081 2273 vel
1101 2209 1133 2274 in
1152 2231 1187 2274 ea
1210 2229 1289 2295 quae

220 2331 292 2379 sunt
315 2312 476 2394 deorsum,
494 2314 545 2380 vel
568 2316 600 2380 in
625 2313 790 2381 medietate
813 2330 1021 2402 perseverant.

288 2525 367 2592 Car.
390 2525 494 2604 XVII,
523 2545 549 2590 1.
596 2524 700 2614 [WH.
722 2525 813 2604 XXI,
834 2524 878 2614 ²l·
925 2525 1000 2590 Eius
1024 2526 1117 2612 igitur
1140 2548 1219 2613 quae
1241 2543 1288 2592 est

220 2630 393 2698 secundum
417 2632 563 2697 Pleroma
586 2632 730 2718 ipsorum
756 2631 982 2719 dispositionis,
1006 2648 1036 2697 et
1060 2633 1197 2698 maxime
1221 2635 1288 2698 eius

218 2755 364 2825 quaeest
388 2737 560 2804 secundum
585 2738 719 2825 primam
744 2737 933 2825 ogdoadem,
948 2755 1049 2804 tantas
1069 2738 1289 2806 contradictio-

220 2868 275 2910 nes
299 2861 329 2910 et
351 2847 473 2932 aporias
497 2845 655 2926 habentes,
680 2846 883 2933 inspiciamus
902 2862 931 2912 et
951 2846 1082 2934 reliqua;
1102 2863 1229 2934 propter
1252 2847 1289 2913 il-

219 2951 324 3018 lorum
355 2953 611 3034 insensationem,
635 2969 664 3018 et
689 2975 747 3018 nos
769 2952 808 3019 de
832 2953 982 3040 hisquae
1006 2977 1071 3020 non
1099 2971 1171 3021 sunt
1194 2979 1289 3043 quae-

220 3076 340 3141 rentes;
365 3060 537 3126 necessarie
565 3077 669 3125 autem
693 3076 723 3125 et
747 3058 807 3126 hoc
840 3059 996 3142 facientes,
1019 3062 1170 3149 quoniam
1195 3061 1287 3128 huius

219 3166 263 3230 rei
287 3165 400 3231 credita
424 3183 472 3230 est
494 3163 586 3232 nobis
610 3166 796 3254 procuratio,
814 3183 843 3232 et
862 3167 915 3255 qui
934 3167 1069 3233 velimus
1093 3191 1206 3234 omnes
1229 3167 1287 3235 ho-

219 3273 321 3337 mines
345 3271 381 3339 ad
406 3273 600 3360 agnitionem
624 3274 762 3339 veritatis
785 3274 909 3340 venire:
934 3291 964 3341 et
987 3275 1138 3362 quoniam
1163 3292 1195 3340 tu
1220 3277 1285 3363 ipse

217 3380 423 3465 postulaveris
445 3381 584 3466 accipere
604 3377 729 3444 anobis
749 3379 864 3445 multas
884 3397 914 3446 et
932 3381 1093 3447 universas
1112 3383 1285 3448 eversionis

218 3509 329 3552 eorum
353 3487 544 3552 occasiones

286 3613 314 3658 2.
341 3593 512 3676 Quaeritur
535 3595 639 3681 igitur,
662 3592 931 3682 quemadmodum
956 3595 1064 3660 emissi
1084 3613 1157 3662 sunt
1173 3596 1282 3685 reliqui

216 3699 364 3764 Aeones?
406 3699 524 3766 Utrum
536 3699 613 3764 uniti
626 3700 654 3765 ei
667 3699 719 3787 qui
732 3699 882 3780 emiserit,
897 3699 1167 3788 quemadmodum
1185 3725 1201 3766 a
1218 3700 1284 3766 sole

216 3805 303 3888 radii,
320 3829 358 3871 an
371 3803 561 3872 efficabiliter
577 3822 607 3872 et
620 3806 780 3892 partiliter,
791 3805 825 3858 (⁴)
836 3807 879 3870 uti
893 3808 933 3873 sit
945 3808 1158 3895 unusquisque
1173 3830 1283 3874 eorum

253 3999 295 4063 (r)
315 3999 372 4064 Οὐχ
396 4000 541 4063 δπομόνους
566 4001 724 4065 corrodat
778 3998 958 4066 l,xx1v,3ubi
968 3997 1054 4064 Pater,
1063 3997 1224 4068 Nus,Logos
1234 4011 1284 4052 etc.

216 4085 292 4135 τὸ...
309 4081 324 4133 i.
336 4099 358 4134 e.
369 4099 423 4134 non
437 4081 602 4152 porrigentes
615 4082 723 4136 ulterius
779 4082 949 4153 perhibentur
968 4101 1044 4153 supra
1067 4081 1116 4151 366
1136 4085 1231 4137 caelos.

217 4177 337 4219 mentem
356 4177 406 4218 etc.
812 4169 855 4235 (3)
874 4171 1041 4234 reapparente
1066 4185 1112 4220 seu
1136 4167 1283 4237 dispositio.

252 4249 520 4321 (2)Ogdoasnempe.
539 4251 723 4304 Cinvidelicet
813 4255 856 4320 (4)
874 4251 976 4306 Graece
1000 4259 1146 4320 ποιητικῶς
1170 4257 1217 4305 καὶ
1240 4269 1285 4319 μι-
