<?xml version="1.0" encoding="UTF-8"?>
<!DOCTYPE html PUBLIC "-//W3C//DTD XHTML 1.0 Transitional//EN"
    "http://www.w3.org/TR/xhtml1/DTD/xhtml1-transitional.dtd">
<html xmlns="http://www.w3.org/1999/xhtml" xml:lang="en" lang="en">
 <head>
  <title>
</title>
<meta http-equiv="Content-Type" content="text/html;charset=utf-8" />
  <meta name='ocr-system' content='tesseract 3.04.00' />
  <meta name='ocr-capabilities' content='ocr_page ocr_carea ocr_par ocr_line ocrx_word'/>
</head>
<body>
  <div class='ocr_page' id='page_1' title='image "./adversushaerese00irengoog_0032.png"; bbox 0 0 3172 5044; ppageno 0'>
   <div class='ocr_carea' id='block_1_1' title="bbox 407 420 1256 486">
    <p class='ocr_par' dir='ltr' id='par_1_1' title="bbox 407 420 1256 486">
     <span class='ocr_line' id='line_1_1' title="bbox 407 420 1256 486; baseline -0.002 -18"><span class='ocrx_word' id='word_1_1' title='bbox 407 423 449 468; x_wconf 89' lang='lat' dir='ltr'>DE</span> <span class='ocrx_word' id='word_1_2' title='bbox 475 423 629 468; x_wconf 83' lang='lat' dir='ltr'>FONTIBUS</span> <span class='ocrx_word' id='word_1_3' title='bbox 652 421 781 469; x_wconf 80' lang='lat' dir='ltr'>IRENAEI</span> <span class='ocrx_word' id='word_1_4' title='bbox 803 423 836 468; x_wconf 75' lang='grc' dir='ltr'>ΙΙΙ</span> <span class='ocrx_word' id='word_1_5' title='bbox 861 423 900 469; x_wconf 89' lang='lat' dir='ltr'>RE</span> <span class='ocrx_word' id='word_1_6' title='bbox 924 421 1045 468; x_wconf 82' lang='lat' dir='ltr'>BIBLICA</span> <span class='ocrx_word' id='word_1_7' title='bbox 1217 420 1256 486; x_wconf 82' lang='lat'>27</span> 
     </span>
    </p>
   </div>
   <div class='ocr_carea' id='block_1_2' title="bbox 183 616 1259 1465">
    <p class='ocr_par' dir='ltr' id='par_1_2' title="bbox 183 616 1259 1465">
     <span class='ocr_line' id='line_1_2' title="bbox 183 616 1258 716; baseline -0.005 -23"><span class='ocrx_word' id='word_1_8' title='bbox 183 619 359 693; x_wconf 82' lang='lat' dir='ltr'>iacienda</span> <span class='ocrx_word' id='word_1_9' title='bbox 391 643 489 716; x_wconf 87' lang='lat' dir='ltr'>quae</span> <span class='ocrx_word' id='word_1_10' title='bbox 518 619 563 691; x_wconf 90' lang='lat' dir='ltr'>Ir.</span> <span class='ocrx_word' id='word_1_11' title='bbox 593 619 641 691; x_wconf 91' lang='lat' dir='ltr'>de</span> <span class='ocrx_word' id='word_1_12' title='bbox 670 633 795 692; x_wconf 87' lang='lat' dir='ltr'>aetate</span> <span class='ocrx_word' id='word_1_13' title='bbox 827 616 1110 716; x_wconf 84' lang='lat' dir='ltr'>evangeliorum</span> <span class='ocrx_word' id='word_1_14' title='bbox 1144 616 1258 690; x_wconf 87' lang='lat' dir='ltr'>tradit</span> 
     </span>
     <span class='ocr_line' id='line_1_3' title="bbox 184 741 1256 840; baseline -0.003 -24"><span class='ocrx_word' id='word_1_15' title='bbox 184 744 268 838; x_wconf 86' lang='grc' dir='ltr'>(ΙΙΙ,</span> <span class='ocrx_word' id='word_1_16' title='bbox 295 767 326 827; x_wconf 91' lang='lat'>1,</span> <span class='ocrx_word' id='word_1_17' title='bbox 354 747 391 840; x_wconf 90' lang='lat'>1)</span> <span class='ocrx_word' id='word_1_18' title='bbox 411 769 456 817; x_wconf 91' lang='lat' dir='ltr'>ac</span> <span class='ocrx_word' id='word_1_19' title='bbox 475 767 567 840; x_wconf 87' lang='lat' dir='ltr'>prae</span> <span class='ocrx_word' id='word_1_20' title='bbox 587 743 761 816; x_wconf 92' lang='lat' dir='ltr'>omnibus</span> <span class='ocrx_word' id='word_1_21' title='bbox 776 742 1030 815; x_wconf 90' lang='lat' dir='ltr'>testimonium</span> <span class='ocrx_word' id='word_1_22' title='bbox 1050 741 1098 814; x_wconf 89' lang='lat' dir='ltr'>de</span> <span class='ocrx_word' id='word_1_23' title='bbox 1116 742 1256 814; x_wconf 87' lang='lat' dir='ltr'><strong>Ioanne</strong></span> 
     </span>
     <span class='ocr_line' id='line_1_4' title="bbox 183 865 1258 966; baseline -0.005 -24"><span class='ocrx_word' id='word_1_24' title='bbox 183 867 360 966; x_wconf 87' lang='lat' dir='ltr'>apostolo</span> <span class='ocrx_word' id='word_1_25' title='bbox 393 867 604 966; x_wconf 88' lang='lat' dir='ltr'>Evangelii,</span> <span class='ocrx_word' id='word_1_26' title='bbox 647 865 888 965; x_wconf 90' lang='lat' dir='ltr'>epistolarum</span> <span class='ocrx_word' id='word_1_27' title='bbox 930 881 969 940; x_wconf 89' lang='lat' dir='ltr'>et</span> <span class='ocrx_word' id='word_1_28' title='bbox 1009 867 1258 962; x_wconf 78' lang='lat' dir='ltr'>Apocalypsis</span> 
     </span>
     <span class='ocr_line' id='line_1_5' title="bbox 183 991 1259 1088; baseline -0.004 -22"><span class='ocrx_word' id='word_1_29' title='bbox 183 1009 351 1066; x_wconf 88' lang='lat' dir='ltr'>auctore.</span> <span class='ocrx_word' id='word_1_30' title='bbox 397 993 508 1088; x_wconf 85' lang='lat' dir='ltr'><strong>Quae</strong></span> <span class='ocrx_word' id='word_1_31' title='bbox 537 1016 620 1064; x_wconf 91' lang='lat' dir='ltr'>cum</span> <span class='ocrx_word' id='word_1_32' title='bbox 650 993 824 1065; x_wconf 92' lang='lat' dir='ltr'>omnibus</span> <span class='ocrx_word' id='word_1_33' title='bbox 851 991 924 1063; x_wconf 91' lang='lat' dir='ltr'>sint</span> <span class='ocrx_word' id='word_1_34' title='bbox 944 1005 1147 1087; x_wconf 87' lang='lat' dir='ltr'>comperta,</span> <span class='ocrx_word' id='word_1_35' title='bbox 1178 1005 1259 1063; x_wconf 88' lang='lat' dir='ltr'>tan·</span> 
     </span>
     <span class='ocr_line' id='line_1_6' title="bbox 183 1113 1256 1214; baseline -0.003 -25"><span class='ocrx_word' id='word_1_36' title='bbox 183 1133 266 1190; x_wconf 93' lang='lat' dir='ltr'>tum</span> <span class='ocrx_word' id='word_1_37' title='bbox 304 1117 488 1214; x_wconf 90' lang='lat' dir='ltr'>reliquum</span> <span class='ocrx_word' id='word_1_38' title='bbox 525 1131 581 1189; x_wconf 87' lang='lat' dir='ltr'>est</span> <span class='ocrx_word' id='word_1_39' title='bbox 609 1133 650 1188; x_wconf 91' lang='lat' dir='ltr'>ut</span> <span class='ocrx_word' id='word_1_40' title='bbox 677 1115 896 1189; x_wconf 90' lang='lat' dir='ltr'>eorumdem</span> <span class='ocrx_word' id='word_1_41' title='bbox 927 1113 1003 1188; x_wconf 90' lang='lat' dir='ltr'>vim</span> <span class='ocrx_word' id='word_1_42' title='bbox 1032 1113 1162 1212; x_wconf 87' lang='lat' dir='ltr'>paucis</span> <span class='ocrx_word' id='word_1_43' title='bbox 1193 1139 1256 1186; x_wconf 86' lang='lat' dir='ltr'>ex-</span> 
     </span>
     <span class='ocr_line' id='line_1_7' title="bbox 185 1240 1257 1341; baseline -0.005 -25"><span class='ocrx_word' id='word_1_44' title='bbox 185 1243 409 1341; x_wconf 73' lang='lat' dir='ltr'>pendamus</span> <span class='ocrx_word' id='word_1_45' title='bbox 431 1242 521 1340; x_wconf 92' lang='lat' dir='ltr'>quin</span> <span class='ocrx_word' id='word_1_46' title='bbox 550 1256 676 1316; x_wconf 90' lang='lat' dir='ltr'>tamen</span> <span class='ocrx_word' id='word_1_47' title='bbox 706 1241 966 1340; x_wconf 88' lang='lat' dir='ltr'>gravissimam</span> <span class='ocrx_word' id='word_1_48' title='bbox 995 1240 1257 1338; x_wconf 90' lang='lat' dir='ltr'>quaestionem</span> 
     </span>
     <span class='ocr_line' id='line_1_8' title="bbox 186 1364 1256 1465; baseline -0.003 -26"><span class='ocrx_word' id='word_1_49' title='bbox 186 1369 403 1452; x_wconf 88' lang='lat' dir='ltr'>Ioanneam,</span> <span class='ocrx_word' id='word_1_50' title='bbox 417 1392 530 1465; x_wconf 90' lang='lat' dir='ltr'>quarn</span> <span class='ocrx_word' id='word_1_51' title='bbox 544 1381 691 1452; x_wconf 88' lang='lat' dir='ltr'>vocant,</span> <span class='ocrx_word' id='word_1_52' title='bbox 705 1367 830 1439; x_wconf 91' lang='lat' dir='ltr'>denuo</span> <span class='ocrx_word' id='word_1_53' title='bbox 845 1364 1124 1465; x_wconf 86' lang='lat' dir='ltr'>exagitandam,</span> <span class='ocrx_word' id='word_1_54' title='bbox 1137 1379 1256 1437; x_wconf 90' lang='lat' dir='ltr'>artem</span> 
     </span>
    </p>
   </div>
   <div class='ocr_carea' id='block_1_3' title="bbox 186 1487 1259 1711">
    <p class='ocr_par' dir='ltr' id='par_1_3' title="bbox 186 1487 1259 1711">
     <span class='ocr_line' id='line_1_9' title="bbox 186 1487 981 1588; baseline -0.009 -21"><span class='ocrx_word' id='word_1_55' title='bbox 186 1492 353 1566; x_wconf 85' lang='lat' dir='ltr'>criticam</span> <span class='ocrx_word' id='word_1_56' title='bbox 383 1491 486 1588; x_wconf 92' lang='lat' dir='ltr'>quod</span> <span class='ocrx_word' id='word_1_57' title='bbox 513 1491 656 1576; x_wconf 89' lang='lat' dir='ltr'>attinet,</span> <span class='ocrx_word' id='word_1_58' title='bbox 688 1516 933 1568; x_wconf 86' lang='lat' dir='ltr'>assumamus.</span> <span class='ocrx_word' id='word_1_59' title='bbox 947 1487 981 1540; x_wconf 80' lang='lat'>(¹)</span> 
     </span>
     <span class='ocr_line' id='line_1_10' title="bbox 270 1609 1259 1711; baseline -0.002 -27"><span class='ocrx_word' id='word_1_60' title='bbox 270 1613 398 1711; x_wconf 86' lang='lat' dir='ltr'>Igitur,</span> <span class='ocrx_word' id='word_1_61' title='bbox 426 1637 541 1709; x_wconf 92' lang='lat' dir='ltr'>quum</span> <span class='ocrx_word' id='word_1_62' title='bbox 562 1612 608 1690; x_wconf 90' lang='lat' dir='ltr'>Ir.</span> <span class='ocrx_word' id='word_1_63' title='bbox 629 1611 883 1685; x_wconf 90' lang='lat' dir='ltr'>testimonium</span> <span class='ocrx_word' id='word_1_64' title='bbox 903 1610 1043 1684; x_wconf 89' lang='lat' dir='ltr'>nullum</span> <span class='ocrx_word' id='word_1_65' title='bbox 1072 1609 1259 1709; x_wconf 85' lang='lat' dir='ltr'>ambigui-</span> 
     </span>
    </p>
   </div>
   <div class='ocr_carea' id='block_1_4' title="bbox 134 1736 1259 3706">
    <p class='ocr_par' dir='ltr' id='par_1_4' title="bbox 184 1736 1258 2960">
     <span class='ocr_line' id='line_1_11' title="bbox 186 1736 1256 1835; baseline -0.003 -24"><span class='ocrx_word' id='word_1_66' title='bbox 186 1736 255 1811; x_wconf 89' lang='lat' dir='ltr'>tati</span> <span class='ocrx_word' id='word_1_67' title='bbox 284 1739 408 1811; x_wconf 91' lang='lat' dir='ltr'>locum</span> <span class='ocrx_word' id='word_1_68' title='bbox 430 1738 613 1833; x_wconf 90' lang='lat' dir='ltr'>praebere</span> <span class='ocrx_word' id='word_1_69' title='bbox 642 1736 773 1833; x_wconf 86' lang='lat' dir='ltr'>possit,</span> <span class='ocrx_word' id='word_1_70' title='bbox 794 1736 842 1810; x_wconf 90' lang='lat' dir='ltr'>ad</span> <span class='ocrx_word' id='word_1_71' title='bbox 862 1737 899 1809; x_wconf 94' lang='lat' dir='ltr'>id</span> <span class='ocrx_word' id='word_1_72' title='bbox 919 1753 1062 1810; x_wconf 90' lang='lat' dir='ltr'>tantum</span> <span class='ocrx_word' id='word_1_73' title='bbox 1083 1737 1256 1835; x_wconf 87' lang='lat' dir='ltr'>quaestio</span> 
     </span>
     <span class='ocr_line' id='line_1_12' title="bbox 186 1861 1258 1959; baseline -0.002 -25"><span class='ocrx_word' id='word_1_74' title='bbox 186 1861 284 1935; x_wconf 89' lang='lat' dir='ltr'>redit</span> <span class='ocrx_word' id='word_1_75' title='bbox 313 1878 354 1934; x_wconf 91' lang='lat' dir='ltr'>ut</span> <span class='ocrx_word' id='word_1_76' title='bbox 382 1861 655 1934; x_wconf 87' lang='lat' dir='ltr'>constituantur</span> <span class='ocrx_word' id='word_1_77' title='bbox 683 1861 806 1934; x_wconf 82' lang='lat' dir='ltr'>fontes</span> <span class='ocrx_word' id='word_1_78' title='bbox 834 1887 882 1934; x_wconf 86' lang='lat' dir='ltr'>ex</span> <span class='ocrx_word' id='word_1_79' title='bbox 910 1861 1045 1959; x_wconf 91' lang='lat' dir='ltr'>quibus</span> <span class='ocrx_word' id='word_1_80' title='bbox 1073 1887 1140 1935; x_wconf 89' lang='lat' dir='ltr'>sua</span> <span class='ocrx_word' id='word_1_81' title='bbox 1169 1862 1258 1934; x_wconf 91' lang='lat' dir='ltr'>hau-</span> 
     </span>
     <span class='ocr_line' id='line_1_13' title="bbox 185 1985 1257 2084; baseline -0.001 -24"><span class='ocrx_word' id='word_1_82' title='bbox 185 1986 278 2060; x_wconf 87' lang='lat' dir='ltr'>serit</span> <span class='ocrx_word' id='word_1_83' title='bbox 320 1986 365 2058; x_wconf 89' lang='lat' dir='ltr'>Ir.</span> <span class='ocrx_word' id='word_1_84' title='bbox 413 2001 527 2083; x_wconf 91' lang='lat' dir='ltr'>atque</span> <span class='ocrx_word' id='word_1_85' title='bbox 565 2003 707 2084; x_wconf 90' lang='lat' dir='ltr'>quanta</span> <span class='ocrx_word' id='word_1_86' title='bbox 748 1987 795 2058; x_wconf 91' lang='lat' dir='ltr'>sit</span> <span class='ocrx_word' id='word_1_87' title='bbox 828 1985 929 2059; x_wconf 91' lang='lat' dir='ltr'>bisce</span> <span class='ocrx_word' id='word_1_88' title='bbox 963 1987 1126 2061; x_wconf 85' lang='lat' dir='ltr'>sontibus</span> <span class='ocrx_word' id='word_1_89' title='bbox 1163 1986 1257 2059; x_wconf 88' lang='lat' dir='ltr'>fides</span> 
     </span>
     <span class='ocr_line' id='line_1_14' title="bbox 185 2110 1257 2209; baseline 0 -25"><span class='ocrx_word' id='word_1_90' title='bbox 185 2111 387 2185; x_wconf 87' lang='lat' dir='ltr'>tribuenda</span> <span class='ocrx_word' id='word_1_91' title='bbox 414 2111 645 2186; x_wconf 87' lang='lat' dir='ltr'>ostendatur.</span> <span class='ocrx_word' id='word_1_92' title='bbox 690 2111 734 2183; x_wconf 89' lang='lat' dir='ltr'>Ir.</span> <span class='ocrx_word' id='word_1_93' title='bbox 757 2111 868 2198; x_wconf 89' lang='lat' dir='ltr'>enim,</span> <span class='ocrx_word' id='word_1_94' title='bbox 898 2137 1013 2209; x_wconf 92' lang='lat' dir='ltr'>quum</span> <span class='ocrx_word' id='word_1_95' title='bbox 1033 2135 1102 2185; x_wconf 90' lang='lat' dir='ltr'>sua</span> <span class='ocrx_word' id='word_1_96' title='bbox 1121 2110 1257 2185; x_wconf 87' lang='lat' dir='ltr'>exscri-</span> 
     </span>
     <span class='ocr_line' id='line_1_15' title="bbox 185 2235 1254 2334; baseline 0.001 -25"><span class='ocrx_word' id='word_1_97' title='bbox 185 2237 305 2320; x_wconf 84' lang='lat' dir='ltr'>beret,</span> <span class='ocrx_word' id='word_1_98' title='bbox 338 2261 411 2310; x_wconf 91' lang='lat' dir='ltr'>non</span> <span class='ocrx_word' id='word_1_99' title='bbox 441 2237 563 2309; x_wconf 91' lang='lat' dir='ltr'>minus</span> <span class='ocrx_word' id='word_1_100' title='bbox 592 2260 705 2334; x_wconf 90' lang='lat' dir='ltr'>quam</span> <span class='ocrx_word' id='word_1_101' title='bbox 743 2259 815 2310; x_wconf 79' lang='lat' dir='ltr'>cxx</span> <span class='ocrx_word' id='word_1_102' title='bbox 843 2261 1025 2309; x_wconf 91' lang='lat' dir='ltr'>annorum</span> <span class='ocrx_word' id='word_1_103' title='bbox 1061 2235 1254 2310; x_wconf 91' lang='lat' dir='ltr'>intervallo</span> 
     </span>
     <span class='ocr_line' id='line_1_16' title="bbox 185 2361 1257 2459; baseline -0.001 -23"><span class='ocrx_word' id='word_1_104' title='bbox 185 2385 209 2436; x_wconf 93' lang='lat' dir='ltr'>a</span> <span class='ocrx_word' id='word_1_105' title='bbox 253 2361 402 2434; x_wconf 85' lang='lat' dir='ltr'>loannis</span> <span class='ocrx_word' id='word_1_106' title='bbox 432 2377 557 2436; x_wconf 87' lang='lat' dir='ltr'>aetate</span> <span class='ocrx_word' id='word_1_107' title='bbox 589 2361 761 2446; x_wconf 87' lang='lat' dir='ltr'>distabat,</span> <span class='ocrx_word' id='word_1_108' title='bbox 808 2387 883 2458; x_wconf 93' lang='lat' dir='ltr'>quo</span> <span class='ocrx_word' id='word_1_109' title='bbox 917 2387 1053 2458; x_wconf 89' lang='lat' dir='ltr'>nempe</span> <span class='ocrx_word' id='word_1_110' title='bbox 1085 2377 1257 2459; x_wconf 88' lang='lat' dir='ltr'>tempore</span> 
     </span>
     <span class='ocr_line' id='line_1_17' title="bbox 184 2484 1258 2586; baseline -0.002 -26"><span class='ocrx_word' id='word_1_111' title='bbox 184 2503 277 2560; x_wconf 91' lang='lat' dir='ltr'>tunc</span> <span class='ocrx_word' id='word_1_112' title='bbox 311 2487 439 2584; x_wconf 91' lang='lat' dir='ltr'>utique</span> <span class='ocrx_word' id='word_1_113' title='bbox 474 2485 658 2584; x_wconf 89' lang='lat' dir='ltr'>potuisset</span> <span class='ocrx_word' id='word_1_114' title='bbox 694 2484 860 2586; x_wconf 84' lang='lat' dir='ltr'>genuina</span> <span class='ocrx_word' id='word_1_115' title='bbox 897 2485 1074 2560; x_wconf 89' lang='lat' dir='ltr'>historica</span> <span class='ocrx_word' id='word_1_116' title='bbox 1108 2486 1258 2559; x_wconf 90' lang='lat' dir='ltr'>traditio</span> 
     </span>
     <span class='ocr_line' id='line_1_18' title="bbox 186 2610 1258 2708; baseline 0 -24"><span class='ocrx_word' id='word_1_117' title='bbox 186 2610 324 2684; x_wconf 83' lang='lat' dir='ltr'>sabulis</span> <span class='ocrx_word' id='word_1_118' title='bbox 339 2611 448 2684; x_wconf 88' lang='lat' dir='ltr'>infici.</span> <span class='ocrx_word' id='word_1_119' title='bbox 497 2611 680 2694; x_wconf 83' lang='lat' dir='ltr'>Profecto,</span> <span class='ocrx_word' id='word_1_120' title='bbox 699 2634 796 2707; x_wconf 92' lang='lat' dir='ltr'>quae</span> <span class='ocrx_word' id='word_1_121' title='bbox 812 2610 923 2683; x_wconf 91' lang='lat' dir='ltr'>docet</span> <span class='ocrx_word' id='word_1_122' title='bbox 944 2612 988 2684; x_wconf 89' lang='lat' dir='ltr'>Ir.</span> <span class='ocrx_word' id='word_1_123' title='bbox 1006 2636 1047 2684; x_wconf 90' lang='lat' dir='ltr'>se</span> <span class='ocrx_word' id='word_1_124' title='bbox 1067 2610 1258 2708; x_wconf 87' lang='lat' dir='ltr'>accepisse</span> 
     </span>
     <span class='ocr_line' id='line_1_19' title="bbox 186 2733 1257 2834; baseline 0.001 -28"><span class='ocrx_word' id='word_1_125' title='bbox 186 2733 372 2834; x_wconf 85' lang='lat' dir='ltr'>gloriatur</span> <span class='ocrx_word' id='word_1_126' title='bbox 404 2760 426 2808; x_wconf 88' lang='lat' dir='ltr'>a</span> <span class='ocrx_word' id='word_1_127' title='bbox 459 2735 675 2809; x_wconf 88' lang='lat' dir='ltr'>continuata</span> <span class='ocrx_word' id='word_1_128' title='bbox 703 2735 800 2808; x_wconf 90' lang='lat' dir='ltr'>serie</span> <span class='ocrx_word' id='word_1_129' title='bbox 838 2735 989 2808; x_wconf 91' lang='lat' dir='ltr'>testium</span> <span class='ocrx_word' id='word_1_130' title='bbox 1021 2735 1070 2808; x_wconf 91' lang='lat' dir='ltr'>ad</span> <span class='ocrx_word' id='word_1_131' title='bbox 1103 2735 1257 2808; x_wconf 89' lang='lat' dir='ltr'>Domini</span> 
     </span>
     <span class='ocr_line' id='line_1_20' title="bbox 186 2859 1258 2960; baseline 0 -29"><span class='ocrx_word' id='word_1_132' title='bbox 186 2876 361 2956; x_wconf 89' lang='lat' dir='ltr'>tempora</span> <span class='ocrx_word' id='word_1_133' title='bbox 390 2885 509 2956; x_wconf 87' lang='lat' dir='ltr'>usque</span> <span class='ocrx_word' id='word_1_134' title='bbox 545 2860 798 2960; x_wconf 84' lang='lat' dir='ltr'>pertingente.</span> <span class='ocrx_word' id='word_1_135' title='bbox 856 2861 911 2933; x_wconf 85' lang='lat' dir='ltr'>At</span> <span class='ocrx_word' id='word_1_136' title='bbox 944 2859 1095 2956; x_wconf 89' lang='lat' dir='ltr'>quidem</span> <span class='ocrx_word' id='word_1_137' title='bbox 1124 2860 1172 2934; x_wconf 93' lang='lat' dir='ltr'>ab</span> <span class='ocrx_word' id='word_1_138' title='bbox 1201 2860 1258 2932; x_wconf 92' lang='lat' dir='ltr'>his</span> 
     </span>
    </p>

    <p class='ocr_par' dir='ltr' id='par_1_5' title="bbox 134 2983 1259 3706">
     <span class='ocr_line' id='line_1_21' title="bbox 186 2983 1259 3082; baseline 0 -26"><span class='ocrx_word' id='word_1_139' title='bbox 186 2983 303 3057; x_wconf 87' lang='lat' dir='ltr'>etiam</span> <span class='ocrx_word' id='word_1_140' title='bbox 337 2984 501 3058; x_wconf 89' lang='lat' dir='ltr'>sontibus</span> <span class='ocrx_word' id='word_1_141' title='bbox 534 2985 727 3081; x_wconf 87' lang='lat' dir='ltr'>complura</span> <span class='ocrx_word' id='word_1_142' title='bbox 759 3001 959 3082; x_wconf 87' lang='lat' dir='ltr'>acceperat</span> <span class='ocrx_word' id='word_1_143' title='bbox 992 3010 1090 3082; x_wconf 91' lang='lat' dir='ltr'>quae</span> <span class='ocrx_word' id='word_1_144' title='bbox 1129 2984 1259 3080; x_wconf 90' lang='lat' dir='ltr'>utique</span> 
     </span>
     <span class='ocr_line' id='line_1_22' title="bbox 134 3083 1259 3205; baseline 0.001 -23"><span class='ocrx_word' id='word_1_145' title='bbox 134 3083 139 3092; x_wconf 38' lang='lat'>¹</span> <span class='ocrx_word' id='word_1_146' title='bbox 186 3109 302 3182; x_wconf 88' lang='lat' dir='ltr'>fidem</span> <span class='ocrx_word' id='word_1_147' title='bbox 331 3124 569 3205; x_wconf 89' lang='lat' dir='ltr'>exsuperant,</span> <span class='ocrx_word' id='word_1_148' title='bbox 602 3124 642 3181; x_wconf 91' lang='lat' dir='ltr'>ut</span> <span class='ocrx_word' id='word_1_149' title='bbox 661 3134 707 3182; x_wconf 90' lang='lat' dir='ltr'>ea</span> <span class='ocrx_word' id='word_1_150' title='bbox 735 3134 833 3205; x_wconf 90' lang='lat' dir='ltr'>quae</span> <span class='ocrx_word' id='word_1_151' title='bbox 853 3111 901 3183; x_wconf 91' lang='lat' dir='ltr'>de</span> <span class='ocrx_word' id='word_1_152' title='bbox 922 3108 1129 3182; x_wconf 89' lang='lat' dir='ltr'>chiliastica</span> <span class='ocrx_word' id='word_1_153' title='bbox 1148 3109 1259 3183; x_wconf 90' lang='lat' dir='ltr'>vinea</span> 
     </span>
     <span class='ocr_line' id='line_1_23' title="bbox 190 3232 1254 3332; baseline 0.004 -29"><span class='ocrx_word' id='word_1_154' title='bbox 190 3233 254 3332; x_wconf 88' lang='lat' dir='ltr'>[V,</span> <span class='ocrx_word' id='word_1_155' title='bbox 278 3256 339 3327; x_wconf 86' lang='lat'>33,</span> <span class='ocrx_word' id='word_1_156' title='bbox 364 3235 417 3328; x_wconf 89' lang='lat'>3],</span> <span class='ocrx_word' id='word_1_157' title='bbox 439 3232 487 3306; x_wconf 91' lang='lat' dir='ltr'>de</span> <span class='ocrx_word' id='word_1_158' title='bbox 516 3233 770 3331; x_wconf 84' lang='lat' dir='ltr'>longaevitate</span> <span class='ocrx_word' id='word_1_159' title='bbox 792 3233 931 3306; x_wconf 88' lang='lat' dir='ltr'>Christi</span> <span class='ocrx_word' id='word_1_160' title='bbox 951 3234 1011 3332; x_wconf 91' lang='grc' dir='ltr'>[ΙΙ,</span> <span class='ocrx_word' id='word_1_161' title='bbox 1033 3259 1092 3318; x_wconf 86' lang='lat'>22,</span> <span class='ocrx_word' id='word_1_162' title='bbox 1114 3239 1152 3330; x_wconf 88' lang='lat'>5]</span> <span class='ocrx_word' id='word_1_163' title='bbox 1185 3251 1254 3308; x_wconf 91' lang='lat' dir='ltr'>etc.</span> 
     </span>
     <span class='ocr_line' id='line_1_24' title="bbox 187 3356 1254 3454; baseline 0.002 -24"><span class='ocrx_word' id='word_1_164' title='bbox 187 3356 313 3430; x_wconf 87' lang='lat' dir='ltr'>tradit.</span> <span class='ocrx_word' id='word_1_165' title='bbox 364 3357 541 3430; x_wconf 89' lang='lat' dir='ltr'>Ceterum</span> <span class='ocrx_word' id='word_1_166' title='bbox 573 3358 808 3431; x_wconf 89' lang='lat' dir='ltr'>notissimum</span> <span class='ocrx_word' id='word_1_167' title='bbox 836 3375 895 3432; x_wconf 91' lang='lat' dir='ltr'>est</span> <span class='ocrx_word' id='word_1_168' title='bbox 923 3375 1082 3454; x_wconf 91' lang='lat' dir='ltr'>quantas</span> <span class='ocrx_word' id='word_1_169' title='bbox 1111 3359 1254 3432; x_wconf 82' lang='lat' dir='ltr'>fabulas</span> 
     </span>
     <span class='ocr_line' id='line_1_25' title="bbox 187 3482 1258 3581; baseline 0.002 -25"><span class='ocrx_word' id='word_1_170' title='bbox 187 3509 222 3556; x_wconf 93' lang='lat' dir='ltr'>v.</span> <span class='ocrx_word' id='word_1_171' title='bbox 244 3509 284 3581; x_wconf 87' lang='lat' dir='ltr'>g.</span> <span class='ocrx_word' id='word_1_172' title='bbox 306 3482 441 3580; x_wconf 90' lang='lat' dir='ltr'>Papias</span> <span class='ocrx_word' id='word_1_173' title='bbox 461 3484 575 3578; x_wconf 92' lang='lat' dir='ltr'>(unus</span> <span class='ocrx_word' id='word_1_174' title='bbox 594 3508 643 3555; x_wconf 86' lang='lat' dir='ltr'>ex</span> <span class='ocrx_word' id='word_1_175' title='bbox 662 3483 720 3556; x_wconf 93' lang='lat' dir='ltr'>his</span> <span class='ocrx_word' id='word_1_176' title='bbox 738 3483 897 3557; x_wconf 89' lang='lat' dir='ltr'>testibus</span> <span class='ocrx_word' id='word_1_177' title='bbox 917 3500 956 3556; x_wconf 89' lang='lat' dir='ltr'>et</span> <span class='ocrx_word' id='word_1_178' title='bbox 975 3484 1133 3557; x_wconf 82' lang='lat' dir='ltr'>fortasse</span> <span class='ocrx_word' id='word_1_179' title='bbox 1149 3510 1258 3581; x_wconf 90' lang='lat' dir='ltr'>prae-</span> 
     </span>
     <span class='ocr_line' id='line_1_26' title="bbox 189 3608 1255 3706; baseline 0 -26"><span class='ocrx_word' id='word_1_180' title='bbox 189 3608 337 3706; x_wconf 89' lang='lat' dir='ltr'>cipuus)</span> <span class='ocrx_word' id='word_1_181' title='bbox 385 3625 426 3680; x_wconf 93' lang='lat' dir='ltr'>ut</span> <span class='ocrx_word' id='word_1_182' title='bbox 470 3632 664 3682; x_wconf 90' lang='lat' dir='ltr'>sermones</span> <span class='ocrx_word' id='word_1_183' title='bbox 709 3608 863 3682; x_wconf 92' lang='lat' dir='ltr'>Domini</span> <span class='ocrx_word' id='word_1_184' title='bbox 914 3609 1126 3682; x_wconf 91' lang='lat' dir='ltr'>venditaret</span> <span class='ocrx_word' id='word_1_185' title='bbox 1174 3610 1231 3704; x_wconf 81' lang='lat' dir='ltr'>[cf</span> <span class='ocrx_word' id='word_1_186' title='bbox 1248 3666 1255 3680; x_wconf 94' lang='lat'>.</span> 
     </span>
    </p>
   </div>
   <div class='ocr_carea' id='block_1_5' title="bbox 190 3801 1259 4212">
    <p class='ocr_par' dir='ltr' id='par_1_6' title="bbox 190 3801 1259 4212">
     <span class='ocr_line' id='line_1_27' title="bbox 260 3801 1259 3874; baseline 0 -19"><span class='ocrx_word' id='word_1_187' title='bbox 260 3803 302 3870; x_wconf 75' lang='grc' dir='ltr'>(ι)</span> <span class='ocrx_word' id='word_1_188' title='bbox 321 3801 377 3856; x_wconf 84' lang='lat' dir='ltr'>Csr.</span> <span class='ocrx_word' id='word_1_189' title='bbox 396 3801 545 3868; x_wconf 67' lang='lat' dir='ltr'>Gwnmm,</span> <span class='ocrx_word' id='word_1_190' title='bbox 561 3801 680 3854; x_wconf 84' lang='lat' dir='ltr'>Irenaeus</span> <span class='ocrx_word' id='word_1_191' title='bbox 699 3819 730 3854; x_wconf 90' lang='lat' dir='ltr'>on</span> <span class='ocrx_word' id='word_1_192' title='bbox 749 3802 787 3856; x_wconf 78' lang='lat' dir='ltr'>the</span> <span class='ocrx_word' id='word_1_193' title='bbox 800 3801 890 3872; x_wconf 77' lang='lat' dir='ltr'>fourth</span> <span class='ocrx_word' id='word_1_194' title='bbox 904 3802 995 3874; x_wconf 82' lang='lat' dir='ltr'>Gospel</span> <span class='ocrx_word' id='word_1_195' title='bbox 1012 3803 1040 3856; x_wconf 91' lang='lat' dir='ltr'>in</span> <span class='ocrx_word' id='word_1_196' title='bbox 1057 3801 1185 3874; x_wconf 72' lang='lat' dir='ltr'>Conternp.</span> <span class='ocrx_word' id='word_1_197' title='bbox 1199 3803 1259 3855; x_wconf 83' lang='lat' dir='ltr'>Rev.</span> 
     </span>
     <span class='ocr_line' id='line_1_28' title="bbox 193 3885 1259 3959; baseline -0.001 -18"><span class='ocrx_word' id='word_1_198' title='bbox 193 3885 267 3957; x_wconf 84' lang='lat'>1897,</span> <span class='ocrx_word' id='word_1_199' title='bbox 287 3903 354 3952; x_wconf 87' lang='lat'>221;</span> <span class='ocrx_word' id='word_1_200' title='bbox 373 3886 516 3950; x_wconf 71' lang='lat' dir='ltr'>Lnnoum,</span> <span class='ocrx_word' id='word_1_201' title='bbox 536 3887 575 3938; x_wconf 78' lang='lat' dir='ltr'>De</span> <span class='ocrx_word' id='word_1_202' title='bbox 594 3886 619 3939; x_wconf 89' lang='lat' dir='ltr'>la</span> <span class='ocrx_word' id='word_1_203' title='bbox 637 3887 724 3939; x_wconf 74' lang='lat' dir='ltr'>valent</span> <span class='ocrx_word' id='word_1_204' title='bbox 742 3887 776 3940; x_wconf 83' lang='lat' dir='ltr'>du</span> <span class='ocrx_word' id='word_1_205' title='bbox 792 3890 947 3959; x_wconf 76' lang='lat' dir='ltr'>tc&#39;moignoge</span> <span class='ocrx_word' id='word_1_206' title='bbox 961 3889 990 3940; x_wconf 78' lang='lat' dir='ltr'>de</span> <span class='ocrx_word' id='word_1_207' title='bbox 1005 3888 1041 3941; x_wconf 80' lang='lat' dir='ltr'>St.</span> <span class='ocrx_word' id='word_1_208' title='bbox 1058 3887 1142 3940; x_wconf 69' lang='lat' dir='ltr'>Iram</span> <span class='ocrx_word' id='word_1_209' title='bbox 1156 3888 1219 3940; x_wconf 82' lang='lat' dir='ltr'>dous</span> <span class='ocrx_word' id='word_1_210' title='bbox 1235 3889 1259 3940; x_wconf 83' lang='lat' dir='ltr'>in</span> 
     </span>
     <span class='ocr_line' id='line_1_29' title="bbox 190 3969 1256 4042; baseline 0.002 -21"><span class='ocrx_word' id='word_1_211' title='bbox 190 3973 298 4040; x_wconf 67' lang='lat' dir='ltr'>question</span> <span class='ocrx_word' id='word_1_212' title='bbox 307 3971 443 4042; x_wconf 75' lang='lat' dir='ltr'>johanniae</span> <span class='ocrx_word' id='word_1_213' title='bbox 456 3971 484 4022; x_wconf 91' lang='lat' dir='ltr'>in</span> <span class='ocrx_word' id='word_1_214' title='bbox 498 3969 579 4022; x_wconf 79' lang='lat' dir='ltr'>Revue</span> <span class='ocrx_word' id='word_1_215' title='bbox 591 3969 647 4022; x_wconf 74' lang='lat' dir='ltr'>titt</span> <span class='ocrx_word' id='word_1_216' title='bbox 662 3970 737 4039; x_wconf 84' lang='lat'>1898,</span> <span class='ocrx_word' id='word_1_217' title='bbox 750 3988 775 4040; x_wconf 92' lang='lat' dir='ltr'>p.</span> <span class='ocrx_word' id='word_1_218' title='bbox 792 3986 822 4042; x_wconf 82' lang='lat'>59</span> <span class='ocrx_word' id='word_1_219' title='bbox 837 3989 907 4042; x_wconf 89' lang='lat' dir='ltr'>sqq.:</span> <span class='ocrx_word' id='word_1_220' title='bbox 922 3971 1048 4024; x_wconf 77' lang='lat' dir='ltr'>Conssuu</span> <span class='ocrx_word' id='word_1_221' title='bbox 1063 3972 1090 4024; x_wconf 86' lang='lat' dir='ltr'>in</span> <span class='ocrx_word' id='word_1_222' title='bbox 1102 3971 1221 4023; x_wconf 78' lang='lat' dir='ltr'>Zeitschr.</span> <span class='ocrx_word' id='word_1_223' title='bbox 1231 3971 1256 4039; x_wconf 83' lang='lat' dir='ltr'>f.</span> 
     </span>
     <span class='ocr_line' id='line_1_30' title="bbox 191 4053 1258 4128; baseline 0 -22"><span class='ocrx_word' id='word_1_224' title='bbox 191 4055 254 4108; x_wconf 74' lang='lat' dir='ltr'>tart.</span> <span class='ocrx_word' id='word_1_225' title='bbox 272 4055 355 4108; x_wconf 70' lang='lat' dir='ltr'>ibeol.</span> <span class='ocrx_word' id='word_1_226' title='bbox 372 4069 453 4125; x_wconf 85' lang='lat'>1903;</span> <span class='ocrx_word' id='word_1_227' title='bbox 466 4053 608 4123; x_wconf 69' lang='grc' dir='ltr'>(ΞυηΑΗκ,</span> <span class='ocrx_word' id='word_1_228' title='bbox 622 4053 671 4106; x_wconf 79' lang='lat' dir='ltr'>Die</span> <span class='ocrx_word' id='word_1_229' title='bbox 685 4054 921 4126; x_wconf 72' lang='lat' dir='ltr'>Glaubwr&#39;rrdiglceit</span> <span class='ocrx_word' id='word_1_230' title='bbox 934 4056 975 4108; x_wconf 74' lang='lat' dir='ltr'>des</span> <span class='ocrx_word' id='word_1_231' title='bbox 990 4056 1124 4128; x_wconf 79' lang='lat' dir='ltr'>Zcugnr&#39;sse</span> <span class='ocrx_word' id='word_1_232' title='bbox 1140 4055 1258 4108; x_wconf 82' lang='lat' dir='ltr'>Ireuacus</span> 
     </span>
     <span class='ocr_line' id='line_1_31' title="bbox 191 4139 960 4212; baseline 0.003 -20"><span class='ocrx_word' id='word_1_233' title='bbox 191 4139 249 4192; x_wconf 75' lang='lat' dir='ltr'>tiber</span> <span class='ocrx_word' id='word_1_234' title='bbox 266 4140 321 4194; x_wconf 85' lang='lat' dir='ltr'>dem</span> <span class='ocrx_word' id='word_1_235' title='bbox 341 4140 358 4193; x_wconf 91' lang='lat' dir='ltr'><em>I</em></span> <span class='ocrx_word' id='word_1_236' title='bbox 362 4139 385 4192; x_wconf 86' lang='lat' dir='ltr'><em>V</em></span> <span class='ocrx_word' id='word_1_237' title='bbox 401 4139 501 4212; x_wconf 83' lang='lat' dir='ltr'>Evang.</span> <span class='ocrx_word' id='word_1_238' title='bbox 524 4155 591 4212; x_wconf 80' lang='lat'>1904</span> <span class='ocrx_word' id='word_1_239' title='bbox 606 4153 633 4194; x_wconf 89' lang='lat' dir='ltr'>et</span> <span class='ocrx_word' id='word_1_240' title='bbox 652 4139 703 4195; x_wconf 90' lang='lat' dir='ltr'>alia</span> <span class='ocrx_word' id='word_1_241' title='bbox 722 4140 820 4194; x_wconf 87' lang='lat' dir='ltr'>ibidem</span> <span class='ocrx_word' id='word_1_242' title='bbox 839 4143 960 4212; x_wconf 83' lang='lat' dir='ltr'>allegata.</span> 
     </span>
    </p>
   </div>
   <div class='ocr_carea' id='block_1_6' title="bbox 0 0 1599 5044">
    <p class='ocr_par' dir='ltr' id='par_1_7' title="bbox 0 0 1599 5044">
     <span class='ocr_line' id='line_1_32' title="bbox 0 0 1599 5044; baseline 0 0"><span class='ocrx_word' id='word_1_243' title='bbox 0 0 1599 5044; x_wconf 95' lang='lat' dir='ltr'> </span> 
     </span>
    </p>
   </div>
  </div>
 </body>
</html>
