3230 5062
178 495 212 565 (1,
235 494 303 567 ret]
600 497 690 543 brnen
713 496 829 544 nuruus
1185 498 1242 562 133

177 691 325 758 Animale
338 706 455 770 autem,
471 691 505 756 in
520 713 559 756 eo
574 688 660 778 quod
675 689 789 757 dixerit
806 687 935 758 dicenti:
956 690 1102 778 «Sequar
1117 707 1158 773 te,
1177 714 1247 780 per-

183 799 416 866 amitteautem
432 796 511 863 mihi
527 798 572 864 ire
583 811 614 863 et
626 798 807 864 renunciare
820 795 1002 864 domesticis
1011 798 1081 864 ».(¹)
1117 799 1246 866 «Nemo

179 925 302 991 «super
326 918 464 970 aratrum
488 923 619 968 manum
645 904 822 990 imponens,
846 903 932 971 etin
955 903 1128 990 posteriora
1150 905 1247 990 respi-

179 1011 308 1090 nciens‚
335 1026 425 1097 aptus
448 1026 479 1075 et
505 1031 603 1096 regno
630 1009 833 1076 caelorum».
879 1009 972 1076 Hunc
1003 1025 1108 1076 autern
1138 1008 1245 1076 dicunt

175 1116 214 1184 de
234 1115 347 1184 mediis
363 1139 442 1182 esse.
489 1115 528 1182 Et
543 1115 635 1182 illum
650 1131 755 1182 autem
771 1116 925 1199 similiter,
940 1117 994 1206 qui
1010 1116 1124 1190 multas
1144 1134 1245 1204 partes

175 1224 311 1291 iustitiae
334 1220 539 1289 confitebatur
562 1245 595 1288 se
620 1220 741 1304 secisse,
760 1239 831 1310 post
849 1221 961 1290 deinde
984 1223 1123 1290 noluisse
1146 1226 1245 1312 sequi,

175 1329 229 1398 sed
253 1351 271 1396 a
293 1329 413 1396 divitiis
436 1330 568 1409 victum,
592 1351 631 1396 ne
653 1328 741 1396 fieret
763 1329 930 1417 perfectus,
953 1347 984 1396 et
1008 1330 1091 1398 hunc
1109 1330 1148 1398 de
1171 1354 1245 1419 psy-

175 1437 267 1504 chico
290 1458 407 1526 genere
437 1433 533 1503 fuisse
555 1435 715 1503 volunt.<²)
759 1435 902 1524 Spiritale
932 1459 1020 1519 vero,
1043 1438 1076 1502 in
1098 1437 1244 1525 eoquod

174 1541 264 1611 dicit:
291 1543 463 1611 «Remitte
485 1559 630 1610 mortuos
652 1543 783 1631 sepelite
806 1559 950 1610 mortuos
973 1567 1059 1625 suos,
1081 1560 1114 1611 tu
1139 1559 1243 1612 autern

176 1679 193 1716 α
210 1650 290 1719 sade
304 1666 335 1717 et
352 1651 503 1716 annuntia
516 1672 650 1738 regnum
663 1649 724 1715 Dei
735 1649 801 1738 rub)
846 1650 885 1715 Et
897 1649 1055 1716 Zacchaeo
1068 1649 1243 1739 publicam,

173 1755 297 1824 dicens:
319 1783 335 1819 ιι
356 1757 531 1844 Properans
554 1754 718 1837 descende,
737 1756 888 1844 quoniam
907 1755 1001 1822 hodie
1024 1759 1056 1822 iu
1075 1755 1173 1824 donro
1192 1772 1244 1823 tua

180 1880 333 1952 «oportet
360 1885 412 1929 me
443 1883 571 1930 manere
586 1863 653 1928 υ.(4)
697 1861 737 1929 Et
766 1861 911 1930 fermenti
942 1861 1133 1950 parabolam,
1159 1863 1244 1952 quod

174 1971 290 2036 mulier
313 1967 516 2036 abscondisse
530 1968 644 2036 dicitur
658 1969 691 2035 in
711 1968 864 2036 farinaes)
882 1985 948 2036 sata
969 1971 1038 2050 tria,
1057 1971 1115 2037 tria
1131 1993 1245 2058 genera

178 2141 195 2174 «
206 2113 333 2198 κλίνην·
358 2115 436 2178 τὸδὲ
449 2114 589 2198 ψυχικὸν,
606 2113 638 2176 ἐν
654 2121 696 2196 τῷ
712 2111 862 2199 εἰρηκέναι
876 2122 917 2197 τῷ
929 2111 1051 2198 εἰπόντι,
1066 2139 1081 2176 ιι
1098 2111 1244 2179 Ἀκολου

178 2219 299 2302 «eros
309 2241 368 2302 σοι,
381 2219 540 2304 ὲττέτρεψον
551 2217 584 2283 δέ
597 2239 647 2304 μοι
660 2225 777 2304 πρῶτον
788 2217 999 2297 ἀποτάξασθαι
1010 2229 1070 2297 τοῖς
1081 2220 1200 2298 οἰκείοις
1210 2245 1242 2285 υ.

178 2351 195 2388 r
208 2325 316 2404 Ούδεὶς
325 2323 374 2390 ἐπ’
382 2327 507 2412 ἄροτρον
519 2329 574 2410 την
584 2337 672 2410 χεῖρα
683 2323 842 2413 ἐπιβαλὼν,
851 2329 903 2390 καὶ
911 2326 952 2402 εἰς
962 2327 1104 2392 τὰύπύσω
1115 2326 1242 2414 βλέταυν,

178 2431 334 2510 υεύθετύς
356 2433 436 2497 ἐστιν
458 2431 491 2496 έν
513 2442 551 2517 τῇ
574 2431 710 2520 βασιλείᾳ
736 2441 798 2497 τῶν
824 2435 955 2518 οὐρανῶν
970 2457 998 2497 ν.
1045 2431 1159 2498 Τοῦτον
1184 2435 1243 2518 γὰρ

171 2539 296 2624 λέγουσι
312 2547 370 2604 τῶν
385 2539 485 2624 μέσων
501 2539 583 2604 εἶναι.
630 2539 781 2624 Κᾴκεῖνον
796 2541 830 2604 δὲ
844 2541 986 2617 ὡσαύτως
1000 2543 1052 2605 τὸν
1066 2541 1243 2605 τὰπλεῖστα

172 2645 250 2731 μέρη
273 2656 327 2730 τῆς
341 2645 532 2731 δικαιοσύνης
545 2645 776 2730 ὁμολογήσαντα
788 2645 996 2732 πεποιηκέναι,
1011 2647 1115 2711 ἔπειτα
1129 2649 1172 2731 μὴ
1187 2647 1242 2712 θε-

171 2751 309 2836 λήσαντα
331 2750 553 2836 ἀκολούθησα,
577 2751 658 2816 ἀλλὰ
680 2753 739 2816 ὑπὸ
762 2753 894 2818 πλούτου
917 2752 1096 2838 ἡττηθέντα,
1115 2757 1190 2838 πρὸς
1207 2757 1242 2818 τὸ

170 2861 214 2943 μὴ
237 2858 352 2923 τέλειον
374 2857 533 2942 γενέσθαι,
551 2861 603 2922 καὶ
621 2869 726 2923 τοῦτον
744 2868 796 2923 τοῦ
815 2861 945 2945 ψυχικοῦ
964 2859 1069 2945 γένους
1086 2859 1241 2946 γεγονέναι

169 2963 308 3031 θέλωσι.
356 2964 402 3029 Τὸ
433 2965 467 3028 δὲ
499 2967 711 3050 πνευματικὸν,
735 2966 767 3030 ἐν
790 2973 832 3050 τῷ
854 2967 965 3032 εἰπεῖν·
1014 2993 1030 3029 ιι
1045 2967 1145 3052 ’Aper
1174 2971 1242 3043 τοὺς

177 3098 193 3134 α
205 3075 329 3156 νεκρούς
340 3071 440 3154 θάψαι
450 3076 519 3149 τούς
531 3072 645 3137 ἑαυτῶν
657 3073 798 3157 νεκρούς·
816 3078 854 3138 σύ
865 3075 899 3138 δὲ
910 3075 1071 3159 πορευθεὶς
1081 3073 1241 3158 διάγγελλε

173 3203 189 3238 α
204 3179 259 3262 την
271 3177 426 3264 βασιλείαν
435 3188 488 3243 τοῦ
498 3177 578 3245 Θεοῦ
589 3201 622 3238 ν·
635 3179 688 3242 καὶ
699 3177 749 3243 ἐπὶ
761 3179 918 3266 Ζακχαύου
929 3189 982 3245 τοῦ
993 3178 1123 3244 τελώνου
1134 3177 1239 3244 εἰπιύν·

174 3311 189 3346 α
205 3283 347 3361 Σπεύσας
359 3283 522 3372 κατάβηθι,
534 3287 578 3349 ὅτι
592 3285 724 3371 σημερον
737 3285 769 3350 έν
781 3295 822 3370 τῷ
834 3289 908 3372 οἴκῳ
920 3307 976 3350 σου
991 3287 1039 3350 δεῖ
1049 3306 1088 3370 με
1102 3295 1198 3369 μεῖνα
1207 3307 1239 3347 ν·

170 3392 292 3469 τούτους
302 3396 362 3479 γὰρ
372 3401 575 3478 ττνευματιτιού
588 3391 693 3476 γένους
706 3391 949 3480 καταγγέλλουσι
964 3391 1130 3479 γεγονέναι.
1177 3393 1241 3458 Καὶ

170 3501 224 3584 τὴν
250 3509 303 3584 τῆς
328 3499 424 3584 ζύμης
450 3499 636 3586 παραβολὴν,
659 3499 697 3585 ἣν
718 3503 793 3584 γυνὴ
815 3499 1032 3584 ἐγκεκρυρὲναι
1055 3497 1177 3585 λέγεται
1199 3502 1240 3578 εἰς

207 3639 247 3704 (τ)
269 3637 332 3691 Luc.
347 3635 504 3704 IX‚61·62,
519 3655 580 3692 curn
596 3639 680 3691 varie·
735 3637 779 3690 bet
809 3637 878 3690 inter
905 3636 971 3690 alios
999 3637 1057 3690 cod.
1086 3635 1240 3706 Cantabrig.

171 3723 269 3776 tatibus
296 3738 360 3775 sane
387 3722 527 3776 notandis:
552 3724 680 3792 interpres
733 3719 802 3789 (Cfr.
819 3721 860 3774 ed.
879 3719 1044 3788 Tischend.).

170 3807 257 3878 magis
275 3807 361 3860 reddit
385 3808 522 3878 antiquam
541 3808 631 3860 italam
654 3818 680 3860 et
768 3806 811 3872 (4)
829 3803 895 3857 LUC·
909 3803 981 3869 XIX,
994 3819 1017 3871 5,
1036 3803 1179 3875 posthaec
1200 3821 1239 3874 gr.

170 3907 224 3962 syr.
239 3889 298 3957 (cfr.
313 3892 424 3945 verbum
436 3894 495 3960 ire),
510 3908 590 3962 quarn
600 3889 680 3962 Vulg.
733 3890 860 3960 legimus:
883 3889 961 3943 «Hos
974 3889 1046 3943 enirn
1059 3888 1183 3960 spiritalis
1195 3906 1240 3958 ge-

205 3977 250 4044 (2)
269 3975 364 4029 Mane.
376 3975 410 4041 X,
426 3991 457 4044 17
471 3993 546 4046 sqq.;
566 3974 679 4028 Mra-ru
736 3975 830 4028 «neris
849 3976 1012 4028 annunciant
1025 3973 1140 4027 fuisse».
1178 3973 1239 4025 Non

169 4060 244 4126 XIX,
255 4058 287 4114 16
297 4077 352 4132 sqq.
362 4079 369 4124 ;
381 4059 458 4126 Luc,
468 4059 566 4123 XVIII,
580 4059 613 4111 28
623 4075 679 4130 sqq.
732 4073 824 4112 rameri
842 4059 1024 4113 desiderantur
1042 4058 1150 4111 omissa.

206 4147 249 4214 (3)
269 4145 336 4201 Luc.
352 4145 398 4210 IX,
414 4145 462 4209 603
477 4158 569 4196 vocem
586 4159 679 4209 πορτυ-
769 4145 811 4213 (5)
827 4143 972 4208 Luc.XIII,
987 4159 1030 4208 21;
1045 4143 1156 4196 Mar-ru.
1167 4141 1240 4207 XIII,

170 4231 230 4294 θείς
245 4231 305 4283 Ioco
317 4231 446 4283 ἀπελθών
461 4229 592 4299 vulgatae,
605 4229 679 4282 exhi·
736 4244 765 4299 33
787 4230 908 4300 (graec).
1229 4255 1232 4262 ·
