3288 5060
370 470 429 534 192
655 471 780 516 lRENAEl
805 469 964 516 ADVERSUS
986 468 1142 516 HAERESES
1277 466 1361 538 [XlV‚
1383 469 1433 537 §-6

364 667 539 754 imaginum
552 666 585 718 (¹)
608 687 676 731 esse
699 687 751 730 eas
773 687 853 753 quae
875 682 948 731 sunt
966 665 1046 753 apud
1071 689 1130 734 nos
1153 665 1292 756 duplices
1315 667 1434 748 literae,

363 796 441 861 quas
464 796 538 838 cum
568 791 646 838 xxiv
669 771 767 838 literis
798 769 1038 838 adnumerantes
1061 773 1175 840 virtute
1205 795 1285 861 quae
1314 790 1363 839 est
1385 797 1439 840 se·

364 879 504 948 cundum
528 878 716 966 analogiam,
739 899 806 944 xxx
831 876 948 944 faciunt
970 902 1150 946 numerum.

433 990 462 1052 6.
509 985 613 1076 [WH.
640 985 732 1065 VIII,
763 983 807 1074 7].
854 984 955 1050 Huius
979 986 1107 1052 rationis
1126 1002 1156 1052 et
1175 985 1435 1078 dispositionisl²l

365 1093 504 1160 fructum
527 1092 601 1161 dicit
624 1092 657 1158 in
680 1089 919 1157 similitudinem
949 1091 1097 1179 imaginis
1127 1094 1304 1182 apparuisse
1331 1093 1434 1174 illum,

362 1203 417 1290 qui
434 1216 504 1288 post
529 1221 560 1266 vl
583 1198 649 1266 dies
665 1213 793 1286 quartus
817 1196 955 1264 ascendit
974 1197 1007 1264 in
1031 1213 1185 1279 montem,
1208 1215 1240 1266 et
1263 1195 1363 1266 lactus
1387 1217 1435 1266 est

365 1322 480 1386 sextus,
504 1307 558 1394 qui
587 1303 745 1370 descendit
769 1319 798 1369 et
821 1301 965 1368 detentus
996 1304 1098 1370 estin
1123 1301 1330 1385 hebdomade,
1358 1327 1434 1370 cum

362 1429 446 1478 esset
469 1411 600 1499 insignis
623 1410 793 1489 octonati0,
817 1425 848 1474 et
870 1406 997 1474 haberet
1021 1410 1052 1475 in
1077 1431 1111 1474 se
1134 1431 1266 1476 omnem
1294 1410 1436 1476 elemen-

363 1535 470 1584 torum
495 1539 675 1598 numerum,
693 1537 789 1604 quem
808 1513 1029 1597 manifestavit,
1044 1537 1145 1603 quum
1160 1517 1226 1604 ipse
1241 1517 1381 1583 venisset
1394 1516 1435 1584 ad

365 1623 566 1712 baptismum,
583 1619 747 1688 columbae
758 1619 932 1700 descensio,
948 1643 1026 1708 quae
1039 1621 1126 1688 estQ
1141 1638 1172 1686 et
1188 1624 1228 1688 A.
1271 1619 1434 1689 Numerus

363 1788 402 1848 τὰ
420 1783 492 1870 παρ’
507 1784 575 1868 ἡμῖν
594 1783 686 1847 διπλᾶ
703 1781 866 1866 γράμματα
884 1781 1039 1867 ὑπάρχειν,
1059 1781 1358 1868 ἀσοναριθμοόμενα
1373 1795 1434 1862 τοῖς

363 1889 604 1974 είκοσττέσσαρσι
628 1887 786 1973 στοιχείοις
809 1885 930 1972 δυνάμει
953 1897 991 1972 τῇ
1012 1889 1092 1951 κατὰ
1115 1887 1278 1972 ἀναλογίαν
1300 1893 1351 1952 τόν
1374 1897 1433 1952 τῶν

363 1997 523 2082 τριάκοντα
541 2005 624 2060 ποιεῖ
638 1994 776 2080 ἀριθμόν.

435 2105 463 2168 6.
488 2102 604 2167 Τούτου
627 2111 679 2166 τοῦ
710 2101 813 2185 λόγου,
837 2103 965 2186 καὶτῆς
987 2102 1156 2186 οἰκονομίας
1183 2101 1292 2186 ταύτης
1314 2100 1433 2188 καρπόν

364 2232 455 2294 φησιν
477 2210 509 2274 ἐν
528 2208 690 2294 ὁμοιώματι
709 2207 823 2284 εἰκόνος
842 2207 1004 2291 πεφηνέναι
1022 2207 1145 2288 ἐκεῖνον,
1164 2211 1215 2272 τόν
1233 2209 1311 2292 μετὰ
1328 2208 1432 2287 τὰςὲξ

363 2316 477 2402 ἡμέρας
492 2316 631 2402 τέταρτον
645 2315 796 2402 ἀναβαίντα
811 2315 853 2391 τίς
866 2318 902 2379 τό
919 2317 998 2399 όρος,
1017 2318 1068 2380 καὶ
1086 2316 1248 2401 γενόμενον
1267 2317 1366 2399 ένιτον,
1380 2320 1433 2381 τόν

362 2423 536 2510 καταβάντα
554 2425 606 2486 καὶ
628 2421 820 2506 κρατηθέντα
838 2423 870 2486 έν
893 2431 930 2506 τῇ
954 2421 1106 2508 ἑβδομόδτ,
1130 2421 1277 2508 ἐπίσημον
1299 2423 1433 2508 aptalon

362 2531 547 2617 ὑπάρχοντα,
563 2533 615 2594 καὶ
630 2533 741 2615 ἔχοντα
755 2532 788 2593 ὲν
807 2529 905 2612 ἑαυτῷ
919 2531 970 2593 τόν
985 2531 1104 2594 ἅπαντα
1121 2540 1180 2594 τῶν
1196 2529 1352 2616 σταχιίων
1371 2531 1432 2617 ἀρί-

362 2637 453 2723 θμόν,
477 2640 511 2701 όν
533 2635 729 2722 ἐφανέρωσεν,
754 2635 899 2712 ἐλθόντος
927 2637 1019 2700 αὐτοῦ
1042 2637 1093 2700 ἐπὶ
1110 2640 1144 2701 τό
1164 2635 1326 2723 βάπτισμα,
1343 2637 1362 2722 ἡ
1378 2647 1432 2723 της

363 2748 538 2829 περιστερὰς
553 2743 698 2824 κάθοδος,
713 2744 776 2827 ἣτις
791 2743 871 2806 ἐστὶν
885 2763 911 2806 ι)
926 2743 979 2806 καὶ
993 2765 1023 2808 α.
1070 2742 1108 2808 ‘0
1121 2745 1181 2829 γὰρ
1196 2743 1326 2829 ἀριθμός
1339 2746 1432 2830 αἰνῆς

364 2951 422 2990 xxx
448 2937 530 2989 literis
561 2936 699 2988 constabat
726 2933 768 3003 (cl
780 2975 785 2986 .
806 2933 820 3003 β
845 2935 870 3003 ι)
923 2950 969 2988 sex
989 2935 1096 2988 Aeones
1115 2949 1185 2988 xxiv
1204 2953 1267 2988 mox
1286 2935 1363 2990 dictis
1384 2936 1431 2989 ad-

363 3021 417 3074 iam
437 3037 522 3073 novae
541 3032 595 3074 tres
613 3020 739 3092 syzygiae
758 3017 869 3072 efferun-
923 3019 1034 3072 duntur:
1047 3019 1183 3074 slmilitudo
1196 3022 1313 3092 intaginis
1328 3019 1431 3074 veroin

362 3117 407 3158 tur
436 3104 491 3170 (τίν.
517 3121 580 3158 mox
606 3117 661 3157 not.
690 3108 726 3170 2),
751 3120 818 3174 quae
844 3113 869 3156 et
924 3103 974 3156 hoc
986 3103 1056 3174 quod
1071 3105 1142 3157 lesus
1156 3104 1213 3174 (qui
1228 3105 1307 3158 simul
1319 3115 1358 3157 est
1368 3103 1431 3174 fru-

364 3190 436 3260 ipsae
463 3206 509 3260 per
536 3203 590 3242 tres
620 3190 736 3259 duplices
769 3189 870 3241 litteras
922 3187 1431 3257 τανιΡΙοιοπτοτίοειῑπῐοημοςὸγόοαςς

364 3277 400 3340 (ζ,
414 3277 436 3338 ξ,
450 3279 496 3341 di:
507 3279 547 3338 δσ,
560 3292 605 3338 ito,
617 3279 662 3338 πο)
674 3271 869 3343 significantem
923 3271 990 3341 σίας
1001 3287 1054 3342 ς,ρ.
1065 3273 1113 3344 189
1120 3285 1176 3326 not.
1186 3275 1212 3341 1)
1222 3293 1235 3323 t<
1238 3281 1296 3346 post
1303 3274 1354 3326 dias
1364 3289 1428 3326 saxa

364 3359 401 3411 ita
429 3371 457 3412 ut
488 3359 609 3411 universa
639 3357 706 3411 ratio
735 3357 869 3409 literarum
924 3357 1028 3426 (Mane.
1050 3357 1096 3423 lx,
1117 3359 1145 3424 2)
1164 3357 1259 3411 dicitur
1281 3357 1431 3410 ascendisse

366 3457 399 3507 24
409 3457 441 3496 -ν
453 3444 480 3508 (3
492 3445 522 3505 ><
532 3444 560 3509 2)
571 3465 588 3486 =
604 3455 636 3509 30
654 3441 812 3494 inveniatur.
923 3453 1044 3494 montem
1053 3441 1431 3513 transfiguncumtribusffe-

399 3527 441 3593 (1)
460 3525 509 3578 Scl.
520 3525 649 3595 imagines
663 3525 790 3578 virtutum
803 3540 870 3595 quae
922 3539 973 3591 tro,
989 3526 1092 3590 Iacobo,
1108 3526 1219 3594 Ioanne)
1239 3526 1299 3580 ideo
1312 3526 1367 3597 ipse
1384 3540 1430 3589 1v;

363 3621 390 3664 et
409 3610 481 3680 ipsae
496 3609 626 3680 imagines
645 3621 705 3662 sunt
724 3610 869 3662 elemento·
923 3610 1010 3681 ibique
1020 3608 1102 3664 lactus
1112 3623 1151 3664 est
1164 3623 1261 3676 sextus,
1275 3610 1369 3664 additis
1384 3611 1430 3664 scl.

364 3712 423 3748 rum
443 3693 500 3761 (cfr.
517 3710 603 3764 super.
624 3693 721 3747 «indui
739 3711 771 3746 ea
789 3711 804 3746 a
823 3693 868 3747 tri·
923 3693 979 3746 Elia
993 3711 1023 3748 ae
1036 3695 1140 3765 Moyse:
1155 3695 1290 3749 descendit
1302 3712 1366 3748 vero
1380 3695 1430 3748 «in

367 3779 438 3831 ‹tbus
458 3777 597 3831 virtutibus
607 3782 646 3844 ν).
926 3780 1056 3848 «sequenti
1068 3777 1129 3830 di'an
1149 3778 1227 3846 (lue.
1241 3777 1287 3843 IX,
1306 3779 1350 3846 37)
1363 3793 1432 3848 quae

400 3865 441 3930 (2)
455 3861 528 3916 Ratio
540 3869 563 3915 el
574 3861 700 3933 dispositio
713 3861 742 3914 in
754 3862 804 3914 hoc
817 3874 867 3916 est:
922 3863 977 3916 dies
984 3879 1045 3916 cum
1052 3862 1267 3934 praecedentibus
1274 3862 1430 3926 seahebdo

364 3947 454 4002 Soter1
475 3965 521 4017 per
544 3947 653 4000 Ηοτοιτ1
672 3958 810 4000 exstensus
828 3947 869 3999 in-
922 3949 1001 4002 maida
1019 3949 1143 4019 complet,
1162 3960 1189 4002 et
1211 3949 1238 4000 in
1260 3949 1311 4002 hac
1329 3949 1372 4002 die
1393 3948 1431 4002 ait

363 4033 425 4085 visit
450 4032 629 4096 Achamotna,
651 4031 693 4084 cui
718 4031 869 4102 adiungitur
922 4049 952 4086 se
969 4032 1106 4086 detentum
1125 4030 1184 4102 (cfr.
1203 4032 1296 4086 Mane.
1318 4031 1364 4098 IX,
1384 4046 1430 4103 19:

364 4115 552 4186 Demiurgust;
575 4115 660 4170 Soteri
685 4115 800 4168 succedit
825 4133 869 4188 sy-
925 4117 1074 4187 tiquamdiu
1098 4117 1168 4187 apud
1187 4133 1235 4170 vos
1252 4117 1318 4170 ero?
1337 4133 1431 4187 quam·

363 4201 440 4272 zygia
466 4199 753 4271 Cliristuss-Spiritus⁶
779 4213 805 4254 et
832 4202 869 4254 ita
926 4201 993 4254 ‹idiu
1012 4217 1061 4254 vos
1079 4201 1180 4272 patiar?
1190 4205 1228 4268 ν).
1267 4200 1429 4255 ltaconieci.
