3274 5100
219 481 367 550 (11‚1-3).]
619 481 709 528 truste
732 481 896 528 SECUNDUS
1227 479 1286 546 315

219 695 304 744 cator
328 677 420 743 huius
445 675 565 758 mundi,
589 691 620 742 et
643 699 708 741 non
728 675 842 763 angeli,
862 696 962 761 neque
987 674 1065 740 alius
1087 675 1157 762 quis
1177 672 1289 741 mundi

218 783 394 866 fabricator,
418 802 538 873 praeter
563 783 650 849 illurn
667 783 721 870 qui
740 780 797 848 fuit
815 782 965 870 prolator,
977 781 1010 834 (¹)
1033 797 1063 847 et
1086 782 1172 869 prius
1195 803 1288 846 causa

218 892 362 960 factionis
385 890 565 959 huiusmodi
590 891 832 979 praeparationis
856 890 1019 955 exsistens

284 1024 314 1086 4.
336 1001 381 1068 Sit
397 997 528 1065 fortasse
545 998 594 1064 hic
612 1020 717 1064 sermo
735 998 894 1064 suasorius
917 1013 969 1062 aut
993 993 1189 1062 seductorius
1205 995 1285 1083 apud

216 1129 282 1188 eos,
306 1107 359 1194 qui
382 1107 527 1194 ignorant
545 1105 651 1170 Deum
671 1119 702 1170 et
720 1105 801 1192 (qui)
817 1100 1000 1170 hominibus
1018 1103 1192 1169 assimilant
1211 1126 1283 1168 eum

217 1213 372 1301 inopibus,
396 1229 426 1278 et
451 1212 500 1278 lris
523 1213 576 1299 qui
600 1233 665 1277 non
688 1226 820 1299 possunt
848 1210 953 1275 statim
978 1207 1093 1296 aliquid
1118 1233 1156 1274 ex
1179 1226 1285 1296 parato

217 1317 376 1399 fabricare,
400 1318 454 1386 sed
478 1316 688 1407 indigentibus
713 1318 821 1384 multis
845 1317 971 1404 organis
995 1316 1032 1382 ad
1056 1338 1167 1382 eorum
1193 1313 1286 1382 fabri-

216 1425 431 1506 cationem;(²l
454 1448 519 1491 non
543 1441 647 1492 autern
667 1424 847 1491 verisimilis
864 1425 894 1490 in
914 1440 1018 1490 totum
1038 1422 1117 1510 apud
1142 1445 1208 1503 eos,
1231 1424 1283 1511 qui

216 1529 318 1596 sciunt
340 1529 492 1617 quoniam
515 1528 631 1594 nullius
647 1527 790 1615 indigens
807 1528 953 1593 omnium
977 1527 1064 1593 Deus
1081 1522 1189 1590 Verbo
1208 1547 1284 1592 con-

214 1632 292 1701 didit
315 1636 423 1701 omnia
446 1651 476 1699 et
500 1633 589 1715 fecit3
612 1655 712 1720 neque
731 1634 850 1721 angelis
874 1632 1018 1720 indigens
1036 1629 1229 1698 adiutoribus
1246 1631 1283 1698 ad

215 1765 260 1824 ea,
284 1764 362 1830 quae
386 1740 474 1822 fiunt,
498 1764 598 1829 neque
618 1742 732 1808 virtute
755 1742 856 1828 aliqua
880 1738 969 1805 valde
993 1738 1132 1806 inferiori
1156 1737 1193 1805 ab
1218 1739 1283 1821 illo,

214 1864 244 1914 et
267 1848 430 1935 ignorante
454 1867 592 1936 patrem3
616 1870 716 1936 neque
740 1847 841 1936 aliqua
870 1845 948 1928 labe,
972 1870 1073 1936 neque
1096 1848 1283 1936 ignorantia,

214 1971 248 2020 ut
279 1955 384 2042 isqui
413 1956 562 2043 inciperet
595 1978 668 2021 eum
700 1976 902 2042 cognoscere,
935 1954 1034 2020 homo
1057 1952 1205 2020 fierentu
1228 1952 1282 2020 sed

214 2062 279 2148 ipse
304 2063 336 2126 in
359 2063 538 2149 semetipso,
570 2060 742 2128 secundum
770 2061 800 2128 id
829 2060 914 2148 quod
945 2077 991 2126 est
1026 2060 1229 2126 inenarrabile
1253 2077 1283 2126 et

214 2167 449 2256 inexcogitabile
477 2167 613 2233 nobistu
639 2169 746 2234 omnia
770 2168 1012 2256 praedestinans,
1038 2167 1109 2234 lecit
1132 2168 1283 2256 quemad·

173 2287 177 2294 '
214 2274 345 2341 modum
365 2275 481 2354 voluit3
505 2275 654 2341 omnibus
680 2275 930 2355 consonantiam,
955 2293 985 2340 et
1008 2275 1153 2341 ordinem
1176 2298 1281 2356 suurn,

213 2399 243 2446 et
265 2383 392 2449 initium
414 2382 619 2448 creationisttt
642 2381 777 2460 donans3
802 2380 990 2469 spiritalibus
1013 2379 1140 2469 quidem
1161 2382 1282 2468 spirita-

212 2489 286 2570 lem,
296 2505 326 2554 et
338 2486 546 2555 invisibilibus
557 2485 760 2568 invisibilem,
773 2505 803 2554 et
815 2487 1091 2576 supercaelestibus
1104 2487 1280 2571 caelestem,

212 2612 241 2661 et
260 2595 378 2682 angelis
397 2595 582 2682 angelicam,
602 2612 631 2660 et
651 2593 837 2661 animalibus
856 2595 1038 2674 animalem,
1054 2612 1084 2660 et
1104 2593 1280 2660 natantibus

212 2701 389 2789 aquatilem,
418 2718 448 2767 et
481 2702 643 2790 terrigenis
666 2701 909 2788 terrigenam,(⁶l
931 2699 1079 2767 omnibus
1103 2718 1205 2788 aptam
1230 2725 1281 2768 ae·

248 2863 290 2928 (1)
309 2861 436 2914 Subaudi:
451 2861 595 2932 Demiurgi,
608 2874 634 2915 et
648 2863 717 2932 prius

213 2943 260 3014 [ita
274 2962 307 2998 ex
320 2945 437 2998 Clarom.
458 2959 536 3016 atque
555 2963 587 2998 ex
601 2947 717 3016 parallel.

212 3046 272 3082 cum
282 3030 455 3084 similitudine
466 3031 631 3084 antecedenti
640 3035 718 3100 :lser-

211 3129 268 3165 ram
288 3112 349 3166 lecit
374 3126 400 3167 et
425 3115 510 3168 multo
532 3117 606 3184 prius
631 3131 717 3167 arma-

211 3209 301 3250 menta
315 3201 386 3264 ete),
400 3199 503 3268 reposui
526 3199 585 3251 loco
603 3199 715 3269 primus]

211 3298 301 3335 eorum
316 3283 437 3353 aquibus
452 3283 612 3354 Demiurgus
631 3285 717 3354 prola·

210 3379 252 3420 tus
268 3367 324 3432 fuit,
340 3383 435 3439 nempe
451 3370 607 3439 angelorum
623 3381 672 3422 etc.

245 3455 288 3521 (2)
307 3453 404 3506 Sensus
423 3465 477 3506 est:
497 3455 562 3506 haec
584 3455 665 3507 veluti
685 3454 718 3506 ad

209 3536 332 3590 homiaem
352 3538 552 3608 disputavimus,
566 3539 629 3590 dato
647 3539 718 3609 quod

209 3621 281 3674 Deus
300 3623 429 3675 mundum
450 3639 503 3675 non
522 3623 676 3677 immediate
691 3637 717 3676 et

210 3723 256 3776 per
265 3723 301 3771 se,
310 3707 355 3760 sed
366 3724 416 3778 ope
427 3707 716 3778 angelorumetc.crea·

209 3791 295 3843 verit:
321 3801 346 3843 at
370 3808 420 3844 nos
439 3808 454 3844 e
473 3803 564 3844 contra
593 3792 717 3844 novimus

207 3874 335 3944 quoniam
355 3876 452 3928 nullius
474 3876 597 3946 indigens
616 3889 666 3929 etc.
682 3909 717 3916 —

207 3957 288 4020 Quod
300 3959 380 4011 verba
393 3971 494 4029 spectat
507 3959 554 4012 cfr.
568 3961 716 4014 ,tantalo

207 4040 294 4112 Legat.
308 4057 348 4106 to,
361 4055 386 4096 et
397 4043 514 4096 maxime
523 4043 649 4096 Turoni.
662 4045 716 4097 Aa·

207 4126 249 4178 tal.
265 4127 297 4190 II,
315 4141 343 4194 13
362 4139 387 4180 et
405 4143 446 4181 10.

243 4212 285 4278 (3)
305 4211 407 4265 Graece
422 4211 513 4265 suerit:
525 4217 569 4264 ivor
582 4215 597 4265 ὁ
611 4215 716 4280 μέλλων

772 2865 852 2916 αὐτὸν
873 2868 972 2929 γνῶναι
991 2865 1134 2926 ἄνθρωπος
1154 2867 1278 2930 revocat:

773 2947 789 2999 i.
805 2963 827 3000 e.
847 2959 875 3000 ut
895 2947 915 2999 is
934 2946 1017 2999 homo
1035 2961 1168 2999 crearetur
1186 2948 1230 3018 qui
1246 2947 1279 3000 ad

772 3031 842 3084 illius
863 3031 1043 3101 cognitionem
1069 3031 1214 3085 destinatus
1240 3049 1279 3085 es-

772 3128 821 3168 set.
838 3146 873 3154 —
892 3115 946 3168 Csr.
965 3115 1092 3168 Tnaoeu.
1114 3116 1238 3169 Autliolic.
1259 3117 1278 3180 l,

776 3215 819 3252 10:
832 3202 970 3268 ἠθέλησιν
983 3203 1125 3266 ἄνθρωπον
1137 3209 1277 3269 ποιῆσαιῷ

771 3287 892 3351 γνωσθῇ.
930 3283 962 3337 V.
978 3299 1004 3338 et
1022 3285 1107 3340 Ἐπίδ.
1126 3303 1165 3339 rr.

807 3372 849 3436 (4)
869 3369 889 3422 Ι.
917 3386 939 3424 e.
971 3370 1173 3440 praescientiam
1192 3389 1277 3436 suam,

772 3455 845 3508 cuius
858 3455 914 3508 vias
928 3455 1117 3508 inenarrabiles
1130 3468 1155 3509 et
1172 3457 1277 3508 inexco-

772 3541 893 3611 gitabiles
909 3540 970 3593 dicit
987 3540 1070 3593 Paua.
1085 3539 1156 3593 Rom.
1170 3541 1216 3605 XI,
1234 3555 1274 3608 33.

808 3627 849 3693 (5)
869 3624 989 3679 Observa
1002 3626 1186 3697 gradationem
1199 3627 1277 3679 hanc:

770 3710 920 3776 harmonia,
947 3711 1021 3776 orde,
1043 3711 1148 3764 initium
1167 3710 1277 3764 creatio-

770 3795 825 3848 nis:
858 3795 998 3850 harmonia
1027 3815 1087 3850 cum
1116 3795 1221 3868 reliquis
1250 3795 1276 3848 in

771 3892 861 3934 mente
880 3881 928 3934 Dei
945 3883 1139 3948 exsistentibus,
1152 3881 1218 3936 ordo
1231 3897 1276 3934 seu

771 3964 952 4016 subordinatio
971 3981 985 4016 a
1005 3966 1058 4016 suis
1072 3966 1215 4034 principiis,
1232 3966 1277 4017 de-

771 4065 844 4099 mum
854 4047 960 4100 initium
971 4047 1139 4100 exsistentiae
1152 4047 1178 4099 in
1192 4049 1275 4100 rebus.

806 4129 846 4198 (6)
863 4131 961 4184 lterum
972 4131 1093 4201 gradatio
1103 4131 1167 4182 haec
1178 4147 1231 4182 non
1243 4131 1276 4182 si-

770 4231 804 4268 ne
817 4215 919 4268 ratione
932 4228 984 4268 est:
999 4215 1088 4268 omnia
1102 4215 1174 4268 enim
1189 4232 1275 4268 rerum
