3274 5100
626 407 752 452 infixam
777 406 936 452 ADVERSUS
960 407 1115 452 HAERESES

339 405 401 471 350

1247 403 1331 472 [xm
1355 417 1402 470 1-3

336 599 410 666 Non
429 601 509 686 capit
533 601 627 687 igitur
650 623 688 664 ex
711 597 816 686 Bytho
840 616 870 664 et
894 599 1015 664 Ennoia
1038 598 1191 664 emissum
1216 620 1284 663 esse
1307 597 1405 662 Nun:

335 704 535 770 verisimilius
559 704 643 771 enim
671 721 735 770 erat
757 702 861 771 dicere
884 727 950 785 eos,
973 702 1011 770 de
1036 705 1205 790 Propatore
1229 719 1259 769 et
1282 701 1321 769 de
1341 702 1405 768 hoc

334 813 386 878 Nu
406 814 554 878 emissam
567 834 634 878 esse
653 809 750 878 filiani
767 811 932 878 Ennoiam.
979 812 1054 878 Non
1071 812 1157 878 enim
1170 811 1291 876 Ennoia
1303 827 1406 876 mater

334 936 381 984 est
403 920 505 997 Noos,
529 919 607 984 sicut
631 916 755 997 dicunt;
780 917 834 984 sed
858 917 926 984 Nus
951 934 1037 1005 pater
1060 914 1096 983 fit
1119 917 1269 984 Ennoiae.
1312 916 1407 998 Que-

336 1022 541 1091 madmodum
565 1041 671 1092 autem
695 1041 726 1090 et
749 1027 923 1091 emissus
947 1042 994 1091 est
1016 1026 1087 1091 Nus
1110 1049 1126 1090 a
1152 1025 1333 1113 Propatore,
1348 1025 1403 1111 qui

334 1132 535 1219 principalem
553 1149 584 1198 et
599 1133 738 1219 primum
757 1134 824 1198 eius
847 1155 926 1220 quae
949 1148 996 1198 est
1020 1133 1133 1198 intus
1157 1129 1356 1198 absconditae
1371 1147 1405 1196 et

334 1237 498 1304 invisibilis
522 1236 696 1304 affectionis
720 1239 827 1305 locum
851 1239 1011 1304 continet?
1030 1261 1047 1304 a
1066 1261 1126 1327 qua
1146 1261 1256 1304 sensus
1271 1259 1405 1325 genera-

333 1360 394 1424 tur,
418 1360 447 1410 et
471 1345 594 1425 ennoia,
619 1361 649 1410 et
672 1343 878 1431 enthymesis,
901 1362 932 1412 et
955 1344 1024 1426 alia,
1047 1366 1127 1431 quae
1150 1367 1214 1410 non
1238 1343 1297 1410 alia
1328 1361 1404 1408 sunt

333 1467 452 1537 praeter
474 1452 560 1526 Nun,
586 1449 639 1517 sed
664 1451 747 1517 illius
766 1452 873 1538 ipsiuS,
892 1449 1161 1540 quemadmodum
1178 1448 1403 1538 praediximus,

332 1556 370 1624 de
386 1557 490 1644 aliquo
506 1558 538 1622 in
554 1559 692 1644 cogitatu
715 1555 885 1645 dispositae
903 1557 1085 1646 qualeslibet
1105 1558 1282 1637 motiones;
1296 1557 1328 1608 (¹)
1352 1579 1404 1622 se-

333 1662 471 1730 cundum
487 1665 772 1752 perseverationem
792 1680 821 1730 et
836 1681 1053 1752 augmentum,
1070 1687 1135 1730 non
1150 1662 1323 1730 secundum
1340 1664 1404 1728 im-

334 1773 541 1837 mutationem
561 1771 711 1837 vocabula
731 1771 926 1858 accipientes,
945 1787 975 1837 et
994 1772 1027 1837 in
1046 1772 1258 1859 cognitionem
1277 1785 1403 1836 conter-

334 1879 479 1959 minatae,
503 1894 533 1943 et
556 1879 589 1942 in
607 1861 739 1944 verbum
759 1878 942 1959 coemissae,
973 1901 1065 1944 sensu
1094 1893 1239 1944 manente
1262 1879 1346 1942 intus
1369 1894 1402 1942 et

333 1982 496 2064 condente,
520 2001 550 2050 et
573 1982 819 2062 administrante,
843 2000 873 2050 et
897 1982 1087 2070 gubernante
1110 1982 1205 2049 libere
1228 1999 1258 2048 et
1282 2005 1319 2048 ex
1344 2004 1400 2047 sua

332 2105 494 2177 potestate,
517 2089 786 2179 quemadmodum
810 2105 840 2155 et
858 2090 936 2170 vult,
959 2112 1038 2177 quae
1061 2089 1215 2177 praedicta
1239 2089 1356 2154 sunt.(²l

402 2216 430 2261 2.
456 2196 562 2262 Prima
585 2197 671 2261 enim
695 2197 795 2261 motio
810 2195 876 2261 eius
892 2193 930 2261 de
954 2195 1068 2283 aliquo,
1089 2195 1273 2261 ennoia(³)
1296 2195 1401 2282 appel-

369 2445 410 2511 (ι)
430 2443 448 2496 l.
469 2461 490 2496 e.
516 2461 531 2496 a
558 2443 601 2496 No
629 2460 674 2496 seu
703 2443 837 2497 intellectu

332 2528 437 2581 realiter
470 2545 524 2580 non
557 2527 762 2597 distinguuntur,
793 2527 838 2580 sed

332 2613 412 2665 series
439 2625 500 2665 sunt
528 2611 698 2664 affectionum
720 2611 838 2665 eiusdem

333 2698 480 2750 intellectus
500 2697 527 2749 in
544 2712 665 2766 processu
678 2696 838 2765 cognitionis

332 2800 378 2836 seu
391 2783 569 2852 cogitationis.
606 2781 660 2834 cfr.
677 2795 732 2834 not.
748 2799 802 2851 seq.

367 2869 407 2935 (2)
428 2867 447 2919 l.
468 2884 490 2919 e.
509 2867 536 2919 hi
556 2867 652 2937 gradus
668 2865 770 2918 diversa
791 2881 838 2919 no-

332 2951 403 3004 mina
428 2950 580 3020 suscipiunt,
596 2967 650 3002 non
669 2966 715 3019 per
738 2950 837 3002 realem

332 3036 547 3088 immutationem
584 3052 613 3087 ac
647 3035 838 3098 diversitatem,

332 3121 404 3190 quasi
425 3137 520 3190 nempe
540 3119 610 3172 aliud
630 3135 724 3188 corpus
742 3119 838 3171 lrabeat

333 3217 393 3274 puta
418 3205 593 3276 enthymesis,
612 3203 682 3256 aliud
705 3220 769 3256 vero
792 3220 838 3256 en-

332 3289 406 3352 noia;
420 3290 464 3342 sed
477 3300 582 3341 tantum
601 3290 634 3341 ob
650 3288 778 3340 maiorem
799 3289 837 3340 in-

332 3374 517 3426 tensitatemet
525 3374 747 3442 perseverantiam
759 3374 838 3443 ipsius

332 3471 404 3512 nctus
420 3459 584 3524 intellectivi,
599 3459 643 3530 qui
660 3459 736 3511 unica
747 3459 838 3528 cogni-

331 3544 369 3595 tio
384 3555 432 3607 est,
445 3544 473 3596 in
492 3547 647 3597 ἐνδιάθετον
666 3547 747 3609 λόγον
771 3543 837 3595 desi-

332 3645 406 3694 nens,
426 3629 453 3681 in
473 3628 607 3681 intellectu
626 3629 683 3698 ipso
703 3627 838 3698 (deinceps

331 3730 435 3783 semper
459 3711 521 3765 Nun
545 3729 592 3782 per
618 3729 772 3765 «sensum»
795 3713 837 3765 ln-

330 3810 396 3866 terp.
416 3797 513 3864 reddit)
534 3797 639 3850 unicam
663 3797 788 3849 realitatis
807 3813 837 3850 ac

330 3880 499 3933 exsistentiae
510 3879 641 3932 rationem
651 3879 760 3932 habens.
783 3879 819 3932 cf
831 3919 836 3932 .

331 3963 398 4016 infra
422 3979 501 4029 xxix,
533 3979 543 4032 3
568 3963 627 4016 lin:
662 3980 740 4016 «non
766 3963 837 4016 aliud

334 4048 419 4118 «qnid
438 4061 541 4119 praeter
559 4049 678 4102 animam
702 4060 771 4114 sunt,
791 4049 836 4102 sed

334 4133 437 4203 «ipsius
461 4135 566 4187 animae
591 4145 679 4186 motus
699 4147 724 4186 et
744 4151 836 4203 opera-

896 2444 1014 2506 «tiones,
1039 2443 1139 2496 nullam
1164 2443 1220 2496 sine
1244 2443 1333 2496 anima
1353 2443 1399 2495 lta-

896 2547 909 2577 «
919 2527 1010 2580 bentes
1028 2528 1203 2580 substantiam
1213 2547 1238 2579 u.

928 2613 971 2682 (3)
986 2613 1077 2675 Quum
1097 2611 1213 2682 primum
1234 2612 1317 2664 menti
1341 2629 1399 2665 sese

893 2695 966 2749 effert
997 2713 1036 2750 res
1064 2696 1150 2767 aliqua
1178 2697 1313 2766 leviorque
1341 2709 1398 2750 tunt

893 2781 1009 2833 eiusdem
1029 2781 1161 2851 perceptio
1185 2792 1233 2845 est,
1253 2785 1342 2834 ἔννοια
1361 2781 1398 2833 di·

892 2866 959 2918 citur
980 2867 1010 2931 (i.
1030 2883 1052 2918 e.
1072 2865 1205 2935 ingressus
1228 2865 1255 2918 in
1279 2878 1398 2918 mentem

893 2975 908 2994 =
919 2951 1074 3021 perceptio).
1119 2951 1146 3004 Si
1166 2967 1237 3014 vern,
1257 2950 1399 3003 intentiore

891 3033 962 3087 i'acto
990 3035 1089 3100 anim0‚
1111 3047 1237 3106 augeatur
1256 3035 1398 3104 perceptio,

892 3121 1035 3187 ἐνθύμησις
1053 3131 1092 3172 est
1113 3119 1198 3190 [quasi
1218 3119 1350 3190 ingressus
1371 3120 1401 3172 in

892 3221 945 3270 cor,
965 3205 992 3257 in
1012 3204 1105 3257 intima
1131 3205 1273 3274 hominisl:
1296 3221 1399 3275 semper

891 3289 936 3341 scl.
957 3289 1061 3359 passivo
1080 3290 1161 3342 modo
1180 3305 1208 3342 se
1226 3290 1340 3342 habente
1359 3290 1398 3342 in-

891 3374 1006 3427 tellectu.
1042 3373 1165 3444 Sequitur
1183 3372 1265 3426 animi
1287 3372 1399 3426 reflexio

892 3473 958 3527 quae
977 3469 1003 3511 et
1019 3457 1073 3528 ipsa
1093 3458 1179 3528 plures
1194 3459 1290 3529 gradus
1305 3458 1398 3511 habet:

891 3542 991 3611 primus
1007 3553 1047 3594 est
1062 3542 1187 3607 sensatim
1200 3541 1311 3612 simplex
1324 3553 1399 3594 actus

891 3643 943 3697 quo
959 3643 1035 3680 mens
1050 3627 1136 3679 noscit
1151 3643 1226 3679 suam
1240 3625 1324 3696 ipsam
1341 3642 1398 3695 per-

891 3709 1041 3780 ceptionem
1057 3711 1183 3779 (νὸησις);
1200 3711 1266 3763 alter
1284 3721 1323 3762 est
1340 3712 1398 3774 βού-

891 3797 964 3862 λημα
983 3812 1035 3866 quo
1050 3796 1183 3866 perceptio
1202 3794 1321 3848 intimius
1341 3809 1399 3864 per-

891 3891 1022 3933 scrutatur
1040 3880 1068 3933 in
1086 3897 1127 3944 se;
1146 3879 1238 3933 tertius
1256 3895 1321 3932 vero
1340 3883 1398 3944 βου-

890 3967 1009 4031 λήματος
1028 3968 1146 4028 ἐξέτασις
1171 3980 1217 4018 seu
1235 3965 1398 4017 examinatio

891 4050 927 4102 rei
947 4050 975 4102 in
994 4051 1219 4121 comparationem
1241 4049 1340 4102 adalia
1359 4047 1397 4100 iu-

890 4133 951 4186 dicii
979 4135 1118 4187 elementa.
1159 4133 1322 4188 Rellexionis
1346 4131 1358 4184 s
1386 4162 1398 4171 -
