3274 5100
347 473 410 539 304
757 475 837 522 uum
861 475 998 521 securam

345 669 386 735 X.
411 669 585 756 Scripturas
611 685 715 735 autem
736 691 901 757 perperam
915 667 1117 756 detorquent;
1132 669 1332 756 quaestiones
1347 691 1413 734 non

345 776 483 856 solvunt,
496 774 550 842 sed
570 774 741 841 maioribus
757 791 789 841 et
804 773 946 842 absurdis
965 775 1137 862 implicant.
1182 773 1238 841 XI.
1258 773 1414 842 Sublimis

345 883 523 970 persequuti
547 883 711 949 veritatem
727 904 785 970 pro
801 879 913 948 umbra
928 881 1169 970 dereliquerunt.
1215 879 1266 946 Ab
1282 881 1413 948 Irenaeo

346 989 484 1076 primum
501 988 809 1076 interrogationibus
825 986 897 1054 dein
910 1011 947 1053 ex
960 987 1129 1074 Scripturis
1142 987 1413 1077 expugnabuntur.

552 1253 584 1306 11.
603 1284 639 1294 -
657 1253 699 1306 De
717 1254 861 1307 Aaoursus
879 1268 909 1306 m
929 1268 1018 1307 seuere
1038 1253 1204 1322 (xil-xxi).

412 1415 461 1504 A)
472 1419 745 1498 Obiurgationes
757 1419 929 1496 praeviae.
960 1411 1413 1480 XII.Triacontademeorum

345 1538 376 1589 et
398 1520 530 1588 deficere
553 1537 584 1587 et
602 1519 769 1587 abundare.
824 1520 857 1587 Si
887 1519 1005 1607 Sophia
1028 1519 1095 1585 sine
1118 1521 1252 1607 coniuge
1275 1537 1414 1606 generat,

345 1651 400 1694 cur
423 1649 489 1693 non
512 1626 587 1693 alii?
641 1625 774 1714 Ogdoas
802 1623 1111 1713 incompossibilibus
1135 1641 1257 1692 constat
1280 1625 1415 1714 (Logos-

345 1733 445 1823 Sige).
491 1733 578 1800 XIII.
603 1733 706 1799 Etiam
730 1731 809 1799 ordo
833 1734 1072 1819 processionum
1096 1731 1143 1820 (v.
1160 1755 1191 1819 g.
1216 1731 1306 1798 Mens
1324 1755 1341 1798 a
1360 1755 1416 1798 co-

345 1842 511 1930 gitatione)
530 1862 692 1929 perperam
712 1837 912 1927 confingitur,
927 1862 985 1905 nec
1002 1838 1116 1927 gradus
1133 1839 1351 1927 psychologici
1366 1841 1416 1906 in·

345 1948 531 2014 tellectionis
542 1949 595 2035 qui
614 1948 646 2013 in
666 1946 795 2013 homine
811 1962 935 2013 tamum
947 1963 1030 2028 sunt,
1042 1947 1074 2012 in
1090 1946 1326 2034 simplicissimo
1342 1947 1415 2013 Deo

345 2055 468 2121 realiter
479 2053 628 2141 distingui
640 2071 781 2142 possunt.
824 2055 853 2119 Α
874 2051 1006 2134 fortiori,
1019 2051 1102 2119 unde
1113 2052 1313 2141 inaequalitas
1329 2055 1416 2120 Aeo-

346 2185 422 2229 num
447 2163 479 2228 in
503 2184 567 2229 uno
591 2163 661 2228 Deo
681 2159 894 2228 substinetur?
942 2162 1016 2243 Qua
1035 2162 1120 2228 vita
1140 2161 1251 2226 vivunt
1269 2162 1322 2248 qui
1342 2177 1415 2226 ante

352 2267 436 2334 Vitae
448 2269 652 2334 emissionem
664 2269 762 2334 sunt?
809 2267 875 2335 Cur
887 2291 924 2333 ex
940 2265 1047 2334 Verbo
1066 2267 1168 2334 Homo
1183 2283 1215 2333 et
1230 2289 1295 2334 non
1310 2267 1414 2356 potius

345 2373 489 2440 Verbum
513 2397 550 2439 ex
574 2373 734 2440 Homine?

413 2587 455 2677 Β)
480 2594 695 2654 Graecorum
720 2592 940 2672 philosophia
962 2591 1043 2653 fons
1063 2600 1098 2652 et
1114 2591 1209 2668 origo
1233 2599 1288 2652 est
1310 2591 1415 2651 huius

346 2701 562 2778 systematis.
608 2693 696 2761 XIV.
706 2693 756 2759 De
775 2692 942 2780 Theogonis
957 2691 1213 2780 Antiphanis
1230 2691 1344 2758 comici
1360 2713 1416 2757 va·

346 2801 533 2868 lentinianae
552 2800 713 2889 persimili.
760 2799 849 2881 Quid
863 2798 1027 2879 Thales,
1050 2799 1256 2879 Homerus,
1274 2797 1417 2864 Anaxi-

347 2905 1417 2995 mander‚DemocritusetEpicurus,Plato,Anaxa-

348 3035 467 3102 goras
491 3013 630 3094 ὁάθέος,
650 3010 944 3099 EmpedocleS,
967 3008 1192 3092 Hesiodus,
1216 3009 1417 3097 Pythago-

346 3123 430 3187 raei
449 3118 487 3186 ad
504 3121 730 3188 Gnosticorum
746 3140 867 3184 errores
880 3118 1078 3184 contulerint.
1126 3117 1167 3183 Hi
1180 3133 1285 3184 autem
1301 3139 1416 3183 omnes

346 3230 510 3295 veritatem
530 3249 587 3294 nec
602 3241 832 3314 cognovemnt,
849 3247 906 3291 nec
921 3223 1035 3291 docere
1049 3239 1227 3312 potuerunt.
1273 3223 1416 3290 Nomina

347 3350 452 3401 tamen
476 3332 641 3401 mendacio
660 3355 718 3398 suo
737 3332 838 3420 aptius
860 3355 957 3420 quam
982 3331 1125 3399 Gnostici
1149 3346 1370 3418 apposuemnt.

416 3549 461 3639 C)
487 3555 540 3614 De
559 3552 748 3613 emissione
767 3553 940 3613 Aeonum.
986 3543 1060 3611 XV.
1077 3543 1170 3611 Unde
1186 3545 1299 3611 Aeones
1313 3543 1346 3609 in
1362 3567 1418 3631 ge-

347 3679 432 3738 nere,
456 3677 553 3744 quum
587 3654 720 3719 creati
752 3675 817 3718 non
841 3652 925 3718 sint?
983 3652 1050 3719 Cur
1073 3667 1178 3730 tetras,
1202 3651 1321 3739 ogdoas
1345 3668 1418 3732 etc,

347 3780 378 3830 et
401 3786 465 3830 non
489 3761 567 3827 alius
591 3759 760 3826 numerus?
805 3758 894 3826 XVI.
920 3759 987 3826 Cur
1012 3757 1149 3825 mundus
1172 3760 1280 3848 imago
1308 3759 1419 3826 Plero-

348 3871 451 3950 matis,
476 3885 506 3934 et
528 3867 676 3934 Pleroma
694 3889 759 3933 non
778 3866 885 3953 imago
902 3865 980 3932 alius
996 3865 1183 3932 Pleromatis
1199 3882 1229 3932 et
1245 3867 1287 3932 ita
1302 3867 1418 3954 porro?

347 3976 451 4042 XVII.
482 3975 514 4040 Si
542 3975 690 4042 Aeonum
722 3972 851 4039 emissio
882 3972 1101 4059 generatio
1134 3987 1181 4037 est
1206 3994 1285 4059 quae
1309 3973 1419 4037 unius·

349 4083 498 4170 cuiusque
522 4079 689 4169 figuratio?
713 4097 742 4145 et
766 4079 792 4145 si
816 4079 1024 4145 emanatio
1046 4095 1081 4144 ut
1103 4077 1233 4144 luminis
1256 4101 1274 4144 a
1297 4077 1419 4144 lumine

350 4212 404 4255 cur
428 4190 556 4255 ultimus
581 4211 688 4276 passus
712 4203 758 4253 est
776 4185 853 4253 dum
873 4186 925 4252 alii
944 4183 1171 4273 impassibiles?
1191 4186 1309 4252 sivero
1329 4207 1419 4273 ger-
