3288 5060
384 479 448 546 214
671 482 800 529 ΙΙΙΕΝΑΕΙ
825 483 985 530 ADVERSUS
1008 481 1164 529 HAERESES
1330 477 1413 548 [XVL
1437 493 1450 546 3

384 674 475 742 nobis
492 692 584 763 «post
596 676 731 763 primam
746 693 776 742 et
792 674 963 744 secundam
980 677 1211 764 correptionem
1228 673 1365 741 devitare
1377 674 1453 738 νβ)

383 780 515 846 Ioannes
542 783 627 848 enim
659 782 791 848 Domini
813 780 984 871 discipulus
1014 780 1244 871 superextendit
1274 776 1453 847 damnatio-

383 909 456 953 nem
475 889 508 954 in
526 911 592 968 εοε,
611 911 711 978 neque
734 912 791 956 ave
810 913 827 956 a
843 888 933 956 nobis
949 891 994 956 eis
1013 887 1073 956 dici
1093 889 1219 956 volens:
1242 889 1341 970 «Qui
1365 890 1451 954 enim

388 1021 403 1058 υ
417 994 491 1061 dicit
506 1022 538 1078 υ,
562 997 672 1084 inquit,
702 1023 718 1058 ι
732 999 777 1064 eis
800 1019 868 1079 ave,
892 997 1107 1064 communicat
1129 996 1276 1083 operibus
1308 997 1451 1084 ipsorum

385 1129 400 1166 υ
416 1103 657 1189 nequissimis».
671 1102 705 1156 (²)
757 1103 795 1170 Et
820 1104 948 1170 merito:
990 1103 1093 1171 «Non
1127 1103 1213 1169 enim
1246 1119 1292 1170 est
1315 1102 1453 1190 gaudere

388 1235 403 1272 <r
415 1210 520 1297 impiis
536 1209 599 1291 νβ’)
609 1209 684 1276 dicit
696 1211 866 1277 Dominus.
880 1232 885 1238 ·
912 1210 1004 1298 lmpii
1018 1226 1124 1276 autem
1138 1232 1230 1298 super
1243 1232 1375 1276 omnem
1390 1211 1453 1276 im-

381 1317 528 1404 pietatem
545 1316 576 1382 hi
600 1333 682 1398 sunt,
705 1318 758 1406 qui
778 1315 929 1384 factorem
953 1316 1030 1383 caeli
1049 1334 1080 1384 et
1095 1333 1205 1398 terrae,
1224 1339 1324 1382 unum
1344 1317 1451 1383 Deum

382 1424 643 1510 omnipotentem,
663 1445 756 1511 super
778 1446 874 1510 quem
894 1422 971 1489 alius
995 1424 1083 1490 Deus
1106 1444 1171 1489 non
1194 1439 1252 1503 est,
1271 1446 1309 1488 ex
1325 1421 1403 1505 labe,
1420 1439 1454 1488 et

382 1529 445 1616 ipsa
468 1551 506 1595 ex
521 1527 615 1596 altera
631 1528 699 1596 labe
715 1527 803 1611 facta,
823 1531 976 1596 emissum
993 1528 1114 1596 dicunt:
1136 1545 1167 1595 et
1182 1530 1226 1595 sic
1251 1529 1314 1596 iam
1339 1552 1453 1596 secun·

380 1634 455 1702 dum
476 1658 531 1702 eos
550 1659 618 1702 esse
641 1660 714 1702 eum
734 1639 939 1703 emissionem
956 1638 1064 1705 tertiae
1083 1635 1206 1703 lauisse)
1250 1637 1359 1718 Quam
1380 1659 1453 1703 sen-

381 1744 510 1808 tentiam
533 1741 626 1831 digne
638 1741 837 1810 exsufflantes
850 1759 880 1809 et
893 1743 1207 1823 catathematizantes,
1220 1759 1343 1830 oportet
1354 1765 1453 1830 porro

382 1846 493 1915 alicubi
512 1865 543 1914 et
561 1849 654 1937 lo'nge
679 1848 785 1937 fugere
804 1846 842 1915 ab
859 1851 918 1915 eis:
935 1865 964 1915 et
980 1850 1183 1936 quantoplus
1202 1848 1276 1915 haec
1292 1847 1452 1916 affirmant

382 1971 411 2022 et
433 1955 568 2044 gaudent
588 1958 619 2022 in
640 1955 687 2022 his
703 1955 975 2023 adinventionibus
995 1956 1071 2038 suiS,
1090 1973 1177 2021 tanto
1193 1957 1295 2043 magis
1311 1957 1453 2022 sciamus

382 2063 451 2152 plus
467 2085 522 2128 eos
537 2064 646 2150 agitari
663 2059 700 2128 ab
716 2061 868 2150 ogdoadis
892 2063 1091 2150 nequissimis
1106 2059 1274 2150 spiritibus.
1321 2064 1450 2145 Quem-

380 2275 499 2341 λεὺεται
514 2277 583 2360 ἡμῖν
601 2301 616 2338 «
626 2280 702 2360 μετὰ
716 2277 787 2361 μίαν
801 2279 854 2340 καί
866 2274 1014 2359 δευτέραν
1023 2275 1183 2341 νουθεσίαι
1195 2275 1406 2362 παραιτεῖσθαι
1417 2301 1449 2338 υ.

382 2380 522 2467 Ἰωάννης
535 2383 568 2446 δὲ
580 2383 597 2447 ὁ
608 2392 660 2447 τοῦ
674 2381 786 2470 Κυρίου
798 2385 939 2468 μαδητίγς
955 2381 1086 2448 ἐπέτεινε
1097 2386 1151 2468 την
1161 2383 1328 2469 καταδίκην
1340 2385 1449 2466 αὐτῶν,

381 2490 457 2574 μηδὲ
480 2491 595 2576 χαίρειν
616 2493 715 2569 αὐτοῖς
737 2491 787 2574 ὑφ’
801 2493 886 2576 ἡμῶν
908 2490 1055 2577 λέγεσθαι
1078 2491 1247 2578 βουληθείς.
1297 2519 1312 2554 «
1328 2490 1366 2555 ‘O
1389 2495 1450 2576 γὰρ

384 2623 398 2658 (ι
414 2594 512 2683 λέγων
533 2599 632 2673 αὐτοῖς
643 2623 675 2680 υ,
699 2601 772 2683 φησί
800 2597 951 2684 «χαίρειν,
974 2607 1111 2662 κοινωνεῖ
1136 2608 1197 2675 τοῖς
1226 2599 1322 2683 ἔργοις
1350 2601 1449 2662 αὐτων

388 2713 473 2780 «τοῖς
500 2714 637 2789 πονηροῖς
648 2729 679 2768 υ.
728 2704 790 2769 Καί
812 2703 950 2781 εἰκότως·
976 2729 992 2765 «
1004 2707 1061 2768 οὐκ
1083 2707 1147 2769 ἔστι
1169 2708 1228 2791 γὰρ
1250 2704 1366 2790 χαίρειν
1388 2713 1451 2782 τοῖς

384 2837 399 2872 ιι
415 2809 537 2898 ἀσεβέσι
552 2836 579 2892 υ,
603 2811 685 2895 λέγει
709 2811 828 2898 Κύριος.
878 2811 1015 2898 Ἀσεβεῖς
1033 2813 1067 2876 δὲ
1085 2813 1161 2897 ὑπὲρ
1183 2823 1285 2877 πᾶσαν
1308 2811 1450 2899 ἀσέβειαν

381 2921 470 3000 οίιτοι,
493 2919 521 2981 οἱ
543 2923 593 2982 τὸν
615 2922 739 3002 ποιητὴν
762 2921 888 3004 οὐρανοῦ
912 2923 964 2982 καί
985 2929 1051 3004 γῆς,
1073 2917 1162 3004 μόνον
1182 2918 1259 2985 Θεὸν
1283 2919 1449 3004 παντοκρά-

381 3045 464 3109 τοροι,
481 3025 556 3110 ὑπὲρ
571 3026 604 3088 δν
620 3024 712 3100 ἄλλος
731 3023 807 3101 Θεὸς
826 3026 882 3088 οὐκ
900 3024 991 3106 lona,
1009 3023 1041 3102 ἐξ
1059 3025 1272 3110 ὑστερήματος,
1289 3028 1341 3089 καὶ
1356 3028 1448 3091 αὐτοῦ

382 3129 414 3208 ἐξ
429 3129 525 3195 ἄλλου
539 3131 743 3215 ὑστερήματος
759 3131 927 3215 γεγονότος,
942 3129 1169 3217 προβεβλῆσθαι
1188 3129 1342 3216 λέγοντες·
1368 3134 1448 3196 ὥστε

382 3235 450 3301 κατ’
466 3239 573 3314 αὐτοὺς
601 3238 674 3300 εἶναι
702 3239 790 3302 αὐτὸν
818 3237 969 3323 προβολὴν
996 3235 1093 3321 τρίτου
1124 3238 1338 3323 ὑστερήματος.
1384 3237 1448 3303 Ἢν

382 3341 502 3428 γνώμην
532 3345 622 3421 artur
651 3343 931 3428 anteponimur,
961 3347 1014 3407 καί
1040 3343 1352 3428 καταδεμαιίσαντας,
1379 3344 1447 3408 δέον

382 3447 482 3536 πδββιυ
493 3474 551 3515 που
564 3455 681 3536 μακρὰν
696 3461 799 3535 φυγεῖν
815 3449 868 3514 ἀπ’
881 3453 987 3532 αὐτῶν,
1004 3453 1087 3534 καίβ
1100 3449 1192 3516 πλέον
1208 3451 1446 3538 διισχυρίζονται,

382 3560 434 3622 καί
445 3557 598 3643 χαίρουσιν
610 3559 659 3622 ἐπὶ
670 3569 729 3635 τοῖς
741 3556 961 3643 ταρευρέμασιν
977 3559 1082 3641 αὐτῶν,
1099 3557 1192 3642 ταύτῃ
1207 3558 1324 3644 μᾶλλον
1338 3557 1448 3623 εἰδέναι

381 3663 473 3729 πλέον
492 3668 598 3741 αὐτοὺς
617 3665 804 3749 ἐνεργεῖσθαι
822 3665 881 3729 ὑπὸ
899 3675 952 3749 τῆς
969 3664 1113 3749 ὀγδοάδος
1131 3673 1190 3730 τῶν
1207 3675 1344 3751 πονηρῶν
1361 3687 1448 3729 πνευ-

418 3878 460 3946 (1)
484 3875 660 3942 Tu.111‚1o.
941 3873 1050 3947 χαίρειν.
1087 3875 1449 3942 Csr.etAuo.DeCiv.Dei,

419 3962 461 4028 (ι)
477 3961 499 4012 ΙΙ
519 3959 595 4012 Ιοιυι.
619 3975 658 4013 11.
941 3959 1013 4023 XIV,
1032 3965 1058 4013 8.

419 4043 692 4112 (3)1sx.XLVlII‚22.
720 4042 887 4113 Vulg.«Non
938 4067 940 4072 2
977 4047 1019 4112 (4)
1032 4045 1192 4116 Demiurgus
1203 4045 1275 4098 enim
1289 4045 1449 4100 tertialabes

386 4149 400 4178 υ
406 4141 444 4182 est
454 4137 507 4200 pax
518 4128 604 4199 impiis
614 4146 640 4180 u:
653 4128 690 4180 ix.
701 4128 888 4198 interpretatur
942 4131 974 4182 ab
993 4128 1149 4202 Enthymesi
1161 4141 1187 4183 et
1199 4147 1214 4182 a
1226 4129 1325 4201 Sophia
1339 4147 1406 4200 quae
1422 4143 1447 4184 et

387 4214 472 4268 «Non
490 4226 529 4266 est
540 4230 590 4283 pax
602 4214 643 4266 vel
660 4215 729 4266 salus
744 4214 886 4267 dicendas:
941 4215 996 4284 ipsa
1015 4214 1087 4268 labes
1105 4225 1145 4268 est
1163 4215 1328 4268 Pleromatis.
