3238 5090
192 480 413 550 (XXlx-XXXI,
432 481 480 550 r).]
586 482 677 531 LIBER
699 482 864 530 SECUNDUS
1195 482 1255 549 393

192 680 322 748 materia
353 701 530 767 augescere,
554 695 585 746 et
608 677 748 760 formari,
772 694 802 746 et
829 693 937 765 aptum
960 676 998 744 ad
1026 677 1258 768 susceptionem

192 788 320 876 perfecti
344 789 501 854 sermonis
524 783 675 874 expediri:
700 803 730 852 et
754 783 814 852 hoc
834 787 866 852 in
889 785 1094 853 dissimilibus
1112 802 1143 852 et
1161 785 1194 852 in
1212 786 1260 854 in·

193 895 288 961 suetis
304 891 473 961 ebulliens:
493 894 574 974 sicut
588 893 647 981 ipsi
665 891 783 976 dicunt,
799 894 993 963 contrarium
1012 916 1080 968 esse
1098 907 1256 960 terrenum

193 999 332 1087 spiritali,
348 1015 378 1065 et
394 998 531 1086 spiritale
548 999 696 1066 terreno?
742 997 918 1080 Quomodo
937 1000 1032 1088 igitur
1047 1000 1079 1066 in
1095 999 1258 1066 contrariis

191 1123 222 1176 et
245 1107 278 1171 in
300 1105 431 1172 insuetis
453 1128 585 1193 parvum
609 1107 774 1186 emissum,
797 1104 1068 1194 quemadmodum
1090 1106 1209 1186 dicunt,
1228 1123 1259 1172 et

192 1235 368 1301 augescere,
383 1229 413 1279 et
433 1210 572 1294 formari,
591 1210 678 1279 etad
702 1211 927 1301 perfectionem
950 1213 1113 1300 pervenire
1136 1213 1258 1302 potuit?

262 1339 290 1406 5.
310 1319 413 1410 [WH.
427 1318 550 1398 XXXI,
569 1318 611 1410 1].
658 1319 821 1400 Osrausro
841 1340 935 1394 ouon
949 1340 1061 1394 uaour
1074 1338 1257 1388 coucrrrro

192 1447 304 1502 usQura
322 1447 507 1494 oausmrro
525 1447 647 1494 stannus
666 1445 791 1494 ruenrr.
836 1424 949 1492 Adhuc
968 1426 1063 1494 etiam
1079 1442 1109 1492 et
1124 1424 1162 1493 ad
1181 1427 1257 1492 haec

190 1557 269 1622 quae
287 1533 368 1602 dicta
392 1550 464 1602 sunt
488 1535 677 1623 requiretur:
701 1551 849 1600 utrumne
873 1533 970 1600 semel
990 1534 1080 1600 enixa
1098 1535 1139 1601 sit
1157 1551 1258 1602 mater

192 1643 320 1708 illorum
344 1665 464 1724 semen,
488 1659 522 1708 ut
544 1641 622 1708 vidit
647 1641 786 1730 angelos,
810 1663 849 1708 an
872 1640 1101 1729 particulatim?
1147 1639 1208 1709 Sed
1231 1641 1258 1707 si

191 1747 319 1836 quidem
343 1747 436 1816 simul
456 1765 486 1814 et
504 1749 614 1830 semel,
633 1746 719 1837 quod
742 1747 852 1815 exinde
876 1763 1075 1836 conceptum,
1092 1769 1175 1814 nunc
1194 1747 1256 1814 iarn

192 1877 256 1920 non
276 1855 334 1921 erit
349 1853 507 1922 infantile:
532 1853 689 1943 superflua
703 1871 749 1920 est
765 1856 859 1943 igitur
876 1855 907 1920 in
923 1877 989 1936 eos,
1005 1855 1059 1943 qui
1075 1877 1158 1920 nunc
1175 1869 1257 1935 sunt,

193 1961 337 2028 homines
353 1958 516 2028 descensio
535 1961 646 2028 eiusad
696 1961 729 2029 Si
743 1978 848 2027 autern
864 1961 1082 2048 particulatim,
1105 1962 1169 2027 iam
1192 1983 1258 2026 non

191 2066 364 2135 secundum
394 2066 529 2156 figuram
558 2088 681 2148 eorum,
704 2089 784 2156 quos
810 2067 888 2134 vidit
921 2067 1060 2156 angelos,
1085 2066 1157 2134 fecit
1181 2089 1258 2133 con-

191 2176 386 2262 ceptionem:
411 2174 505 2240 simul
529 2175 614 2241 enim
638 2197 694 2241 eos
712 2190 743 2240 et
762 2174 860 2240 semel
883 2172 993 2240 videns
1017 2191 1047 2240 et
1066 2173 1256 2261 concipiens,

190 2281 287 2348 semel
311 2281 491 2348 enixionem
514 2279 644 2347 debebat
668 2279 789 2362 fecisse,
808 2302 945 2369 quorum
964 2280 1003 2348 de
1022 2281 1120 2348 semel
1129 2281 1163 2335 (²)
1181 2303 1257 2348 con-

190 2404 312 2475 ceperat
333 2386 460 2475 figuras.

259 2497 288 2559 6.
313 2493 400 2576 Quid
424 2511 541 2576 autern,
560 2492 645 2582 quod
668 2495 798 2582 angelos
821 2517 895 2560 curn
914 2493 1076 2562 Salvatore
1095 2496 1189 2562 simul
1209 2497 1257 2562 vi-

189 2600 276 2681 dens,
300 2600 428 2666 illorum
451 2598 579 2688 quidem
603 2601 756 2689 imagines
780 2601 934 2688 concepit,
958 2599 1128 2667 Salvatoris
1151 2619 1255 2668 autem

190 2731 265 2786 non,
281 2709 333 2794 qui
353 2724 399 2773 est
418 2705 563 2773 decorior
582 2729 674 2795 super
693 2707 784 2773 illos?
828 2709 879 2773 An
895 2704 1047 2794 numquid
1065 2729 1129 2772 non
1144 2706 1256 2796 placuit

189 2817 217 2880 ei
238 2815 298 2896 hic,
314 2831 344 2881 et
359 2831 485 2902 propter
508 2813 568 2881 hoc
592 2837 657 2880 non
681 2816 824 2902 concepit
843 2815 875 2880 in
894 2815 1033 2880 eun1?(³l
1079 2813 1256 2896 Quomodo

190 2940 294 2987 autem
318 2922 524 3008 Demiurgus,
548 2943 641 3009 quem
669 2919 855 3008 psychicum
881 2938 1006 3000 vocant,
1029 2923 1188 3009 propriam
1208 2945 1257 2988 se-

190 3025 327 3092 cundum
351 3050 406 3092 eos
430 3027 678 3114 magnitudinem
697 3043 727 3093 et
746 3025 880 3115 figuram
904 3025 1032 3108 habens,
1052 3027 1186 3094 emissus
1209 3045 1257 3094 est

190 3129 363 3198 secundum
380 3155 467 3197 suam
485 3131 690 3198 substantiam
705 3131 875 3220 perfectus3
894 3133 979 3220 quod
999 3149 1105 3200 autem
1119 3133 1255 3222 spiritale

190 3255 246 3318 est,
265 3237 349 3324 quod
369 3239 463 3304 etiam
487 3240 650 3326 operosius
674 3256 798 3327 oportet
821 3262 1008 3327 essequam
1032 3239 1179 3322 animale,
1195 3242 1256 3307 im-

189 3344 362 3432 perfectum
379 3347 513 3412 emissus
529 3362 586 3428 est,
603 3364 632 3412 et
648 3370 728 3434 opus
742 3348 769 3413 ei
790 3347 848 3413 fuit
868 3363 902 3413 ut
920 3348 952 3414 in
972 3349 1111 3414 animam
1127 3346 1256 3414 descen-

189 3450 284 3534 deret,
306 3453 389 3518 utin
408 3475 443 3519 ea
463 3451 661 3535 formaretur,
681 3470 711 3520 et
730 3456 771 3519 ita
789 3453 963 3542 perfectum
986 3455 1149 3534 exsistens,
1168 3477 1256 3542 para-

189 3577 256 3625 tum
277 3557 329 3624 fiat
348 3558 385 3625 ad
404 3560 638 3648 suscipiendum
662 3558 834 3647 perfectum
854 3560 1011 3627 verbum?
1056 3560 1090 3628 Si
1109 3562 1204 3648 igitur
1222 3562 1253 3627 in

188 3667 318 3732 terrenis
340 3665 522 3733 hominibus
541 3684 571 3733 et
590 3668 623 3732 in
646 3665 832 3732 animalibus
856 3665 1021 3748 formatur,
1039 3666 1103 3732 iarn
1121 3689 1187 3733 non
1206 3691 1255 3734 se-

188 3771 327 3840 cundum
350 3773 536 3862 angelorum
559 3773 798 3840 similitudinem
818 3790 875 3854 est,
891 3797 971 3862 quos
994 3772 1101 3840 dicunt
1125 3757 1255 3856 lumina,

224 3967 266 4035 (r)
284 3965 387 4020 Graeca
402 3966 534 4020 reddenda
549 3978 637 4020 etant:
652 3983 695 4020 su·
784 3968 827 4034 (2)
838 3965 940 4019 Graece
949 3965 993 4032 te*
1003 3967 1082 4030 ἅπαξ,
1094 3965 1110 4018 i.
1121 3982 1143 4018 e.
1155 3965 1183 4018 in
1193 3983 1255 4029 uno,

190 4050 288 4122 perflua
306 4069 376 4105 nunc
390 4051 447 4120 (sel.
461 4049 502 4104 his
518 4049 615 4104 nostris
627 4061 694 4104 tem·
748 4052 836 4105 simul.

189 4136 306 4206 poribus)
325 4135 462 4188 descensio
483 4134 537 4188 eius
560 4136 588 4191 in
609 4136 695 4188 homi·
785 4137 827 4204 (3)
846 4135 947 4190 Graece
964 4136 1125 4200 κατάὐτόν,
1144 4137 1214 4207 quod
1229 4153 1256 4190 e·

188 4237 241 4273 nes.
748 4221 815 4273 tiam
833 4238 863 4274 ex
881 4239 908 4273 eo
926 4220 1000 4274 reddi
1018 4232 1130 4292 poterat.
