3172 5044
178 451 215 518 rt,
235 450 328 522 Ην]
613 453 703 498 tinen
726 451 839 496 paruus
1211 433 1253 516 89

180 651 346 728 Aeonum,
374 648 589 714 consentiente
618 646 747 713 Christo
779 661 809 711 et
840 646 966 728 Spiritu,
998 669 1255 735 unumquemque

181 757 345 836 Aeonum,
369 752 454 841 quod
478 751 609 819 habebat
632 754 665 818 in
688 775 721 820 se
750 754 908 841 optimum
936 770 966 818 et
993 752 1255 820 florentissimum

182 859 393 942 conserentes,
412 861 614 926 collationem
632 858 760 926 secisse:
781 875 810 924 et
825 858 901 925 haee
921 875 989 947 apte
1006 861 1255 948 compingentes,

183 983 214 1033 et
237 967 404 1055 diligenter
426 967 458 1032 in
483 989 582 1032 unum
605 964 795 1053 adaptantes,
819 967 961 1032 emisisse
985 965 1157 1053 problema,
1170 965 1204 1019 (¹)
1225 982 1256 1030 et

184 1078 219 1142 in
235 1075 392 1142 honorem
405 1091 435 1140 et
449 1075 585 1162 gloriam
598 1073 692 1160 Bythi
708 1072 972 1161 perfectissimum
985 1072 1134 1140 decorem
1146 1094 1256 1160 quent-

184 1181 271 1260 dam,
287 1199 318 1248 et
337 1181 423 1248 sidus
447 1181 645 1262 Pleromatis,
669 1177 842 1266 perlectum
867 1179 1005 1244 fructum
1024 1179 1140 1259 Iesum,
1159 1201 1255 1266 quem

186 1305 217 1354 et
241 1289 437 1356 Salvatorem
461 1288 578 1366 vocari,
602 1303 632 1353 et
652 1285 828 1366 Christum,
848 1303 877 1352 et
896 1286 1008 1373 Logon
1029 1286 1255 1373 patronymice,

186 1419 222 1461 ac
231 1395 364 1474 Omnia,
376 1395 526 1481 quoniam
537 1393 574 1458 ab
584 1393 732 1459 omnibus
744 1409 836 1458 esset.
872 1392 1023 1460 Satellites
1034 1414 1159 1480 quoque
1172 1393 1210 1473 ei,
1224 1393 1256 1457 in

187 1503 344 1569 honorem
354 1504 506 1589 ipsorum,
518 1500 658 1568 eiusdem
666 1500 973 1588 generist²tnngelos
983 1523 1100 1565 cumeo
1109 1500 1255 1587 prolatos

255 1697 336 1765 car.
360 1697 414 1778 Ill,
444 1717 470 1762 1.
495 1695 601 1786 [WH.
626 1696 654 1776 I,
679 1695 725 1786 5.]
784 1696 870 1761 Haec
893 1696 987 1782 igitur
1006 1712 1053 1761 est
1075 1717 1154 1783 quae
1178 1696 1257 1761 intra

189 1804 338 1870 Pleroma
349 1805 490 1890 ipsorum
499 1802 533 1856 (¹)
544 1802 656 1868 dicitur
669 1802 839 1890 negotiatio
852 1819 882 1868 et
892 1803 973 1889 passi
984 1802 1114 1882 Aeonis,
1123 1817 1152 1866 et
1162 1823 1258 1888 paene

188 2009 240 2062 τοῦ
262 1999 397 2084 Χριστοῦ
419 2001 471 2063 καὶ
493 2007 546 2062 τοῦ
569 1997 754 2083 Πνεόματος,
779 2005 831 2062 τοῦ
855 1997 888 2061 δὲ
913 1996 1034 2080 Πατρός
1055 1999 1153 2060 αὐτῶν
1175 2019 1258 2060 συνε-

186 2106 470 2191 πισρραγιζομένου,
487 2109 542 2170 ἕνα
556 2108 685 2170 ἕκαστον
701 2114 761 2169 τῶν
776 2105 909 2186 Atrum,
926 2107 1000 2186 ὅπερ
1016 2105 1098 2188 εἶχεν
1113 2104 1145 2167 ἐν
1161 2104 1256 2184 ἑαυτῇ

187 2214 350 2278 allateret
369 2217 422 2276 καὶ
440 2210 645 2297 ἀνθηρότατον
661 2210 935 2295 συνενεγκαμένους
954 2213 1006 2274 καὶ
1029 2208 1258 2294 συνερανισαμέ·

187 2340 264 2400 νους,
281 2322 334 2384 καὶ
356 2329 451 2384 ταῦτα
473 2318 619 2404 ἁρμοδίως
641 2316 816 2398 πλέξαντας,
840 2319 893 2381 καὶ
914 2317 1055 2401 ἐμμελῶς
1078 2316 1256 2397 ἑνόσαντας,

187 2427 399 2514 προβαλέσθαι
417 2424 577 2513 πρόβλημα
595 2427 637 2502 εἰς
654 2427 742 2509 τιμὴν
760 2427 812 2488 καὶ
827 2422 916 2501 δόξαν
938 2433 990 2486 τοῦ
1014 2423 1132 2504 Butos,
1149 2423 1258 2487 τελειό-

188 2555 277 2597 τατον
287 2533 403 2610 καλλος
417 2555 444 2597 τι
458 2537 510 2597 καὶ
524 2535 634 2615 ἄστρον
646 2541 698 2595 τοῦ
714 2529 931 2616 Πληρόματος,
949 2529 1062 2594 τέλειον
1076 2531 1192 2614 καρπόν
1208 2531 1259 2592 τὸν

191 2639 321 2726 Ἰησοῦν,
330 2642 365 2704 όν
375 2641 428 2703 καλ
440 2639 567 2724 Σωτῆρα
579 2637 871 2722 προσαγορευθῆναι,
882 2639 935 2700 καὶ
947 2636 1088 2720 Χριστόν,
1098 2637 1150 2699 καὶ
1159 2635 1259 2718 Λόγον

190 2755 433 2833 πατρωνυμικῶς,
449 2749 502 2810 καὶ
518 2745 632 2826 Πάντα,
649 2747 746 2808 διὰτὸ
762 2744 823 2807 ἀπό
835 2743 952 2807 παντων
971 2744 1060 2807 εἶναι·
1081 2741 1259 2827 δορυφόρους

190 2847 1258 2939 τεαύτῷείςτιμὴντὴναύτῶνόμογενεῖςἈγγέλουςσυμπροβεβλῆσθαι·

258 3049 311 3129 Ill,
333 3069 358 3113 1.
407 3049 491 3132 Αότη
507 3050 562 3131 μὲν
577 3049 628 3110 ota
646 3049 726 3110 ἔστιν
742 3047 761 3129 ἡ
777 3045 859 3122 ἐντός
874 3043 1080 3129 Πληρῶματος
1096 3041 1147 3106 ὑπ’
1159 3044 1259 3106 αὐτῶν

191 3157 339 3242 λεγομὲ·ηγ
359 3157 557 3242 πραγματεία,
577 3157 630 3218 καὶ
647 3155 667 3238 ἠ
685 3162 738 3217 τοῦ
758 3152 946 3229 πεπονθότος
966 3153 1089 3231 Αἰῶνος,
1110 3152 1162 3213 καλ
1185 3152 1260 3234 μετὰ

230 3347 270 3411 (ι)
288 3344 406 3397 Prolatio
425 3345 452 3410 (a
471 3359 509 3414 gr.
533 3344 697 3408 προβάλλω).
751 3340 812 3391 lem.
823 3351 848 3392 et
860 3339 937 3391 italos
947 3339 997 3391 hoc
1011 3352 1042 3404 34
1053 3337 1187 3390 Aeonibus
1198 3353 1260 3389 con-

228 3428 269 3498 (2)
288 3433 425 3495 ὁμογενεῖς
438 3428 463 3480 h.
475 3443 497 3480 e.
510 3445 565 3480 non
576 3433 616 3492 (ut
627 3426 697 3478 Turt-
751 3436 821 3476 stare
849 3422 980 3492 (Ogdoas,
1007 3423 1101 3486 Decas,
1131 3421 1260 3485 Dodecas,

193 3528 272 3566 rctt.
285 3515 301 3566 l.
316 3513 352 3579 c.)
362 3512 434 3583 quasi
445 3515 592 3579 ὀμοοὺοιος,
604 3511 648 3564 sed
660 3511 698 3563 uti
752 3507 847 3570 Horos,
875 3507 1006 3571 Christus,
1029 3507 1148 3576 Spiritus,
1168 3506 1260 3570 Iesus).

193 3597 220 3649 in
239 3597 331 3650 eadem
350 3596 498 3666 prolatione
512 3613 563 3667 qua
578 3595 698 3648 Christus
753 3592 780 3644 in
800 3591 931 3644 Orientali
951 3607 1014 3643 vero
1034 3591 1124 3643 schola
1143 3601 1168 3642 et
1188 3590 1259 3642 iuxta

193 3679 296 3748 genitos
307 3675 364 3746 [cir.
375 3694 438 3730 mox
452 3677 622 3748 συμπροβλ.];
634 3677 699 3730 item
754 3676 927 3729 Valentinum
952 3676 991 3743 [c.¹
1006 3675 1053 3739 Xl,
1076 3673 1160 3738 1;1clr.
1180 3686 1206 3726 et
1221 3689 1259 3726 ts,

192 3779 214 3812 c.
239 3760 284 3824 IV,
308 3777 324 3826 4
347 3763 504 3813 «coaetaneis
529 3761 582 3813 suis
610 3760 699 3831 Ange·
754 3760 839 3812 Teur.
853 3760 869 3812 l.
884 3759 920 3828 c]
940 3759 1016 3811 XXX
1039 3771 1157 3810 tantum:
1174 3758 1261 3829 Bytho

196 3845 249 3898 alis
259 3865 285 3896 n.
297 3875 314 3884 -
326 3843 441 3916 Ipsorum
460 3843 527 3897 refer
546 3845 579 3897 ad
596 3845 700 3909 Aeones,
755 3845 824 3911 (sine
837 3843 910 3913 Sigel
927 3855 954 3895 ut
968 3843 1105 3913 principio,
1118 3842 1191 3894 Horo
1203 3853 1262 3893 tau·

192 3947 302 4000 quorum
322 3930 368 3982 scl.
390 3930 429 3982 vis
448 3945 480 3982 ex
496 3930 545 3981 hac
557 3929 699 3982 emissione
754 3945 834 3998 quam
853 3928 976 3990 termino,
990 3927 1048 3980 lesu
1063 3927 1191 3996 quianon
1205 3943 1261 3996 per-

192 4013 356 4066 clarificatur.
393 4013 446 4066 Csr.
471 4013 591 4066 Hunnct.
615 4013 645 4067 sr.
666 4027 698 4066 22
754 4013 823 4066 secto
842 4024 903 4064 ante
927 4012 1075 4064 restitutam
1101 4011 1262 4074 Achamoth,

191 4111 217 4151 et
236 4113 271 4164 40
290 4098 412 4168 [Broolre
428 4116 452 4170 p.
469 4113 503 4169 79
522 4111 548 4150 et
567 4098 621 4168 91l·
658 4099 699 4151 De
755 4115 809 4150 non
829 4096 934 4149 inclusis
954 4097 980 4147 iu
1001 4096 1123 4148 Aeonum
1141 4111 1262 4147 numero⁴

192 4181 340 4235 Pleromate
358 4194 447 4235 autem
467 4194 531 4235 nota
546 4183 618 4234 iuxta
637 4181 699 4234 Pto·
791 4183 832 4248 (3)
843 4181 963 4234 Fortasse
972 4197 1003 4232 ex
1011 4195 1096 4248 graec.
1108 4179 1159 4231 «ab
1170 4179 1261 4249 ipsis».
