3230 5062
266 481 341 551 (vll,
364 483 413 554 r).]
688 487 779 534 Lmen
803 488 918 534 murus
1276 489 1333 556 171

268 680 486 768 peritissimus
506 702 674 769 perquam
698 698 728 748 et
748 682 836 747 viros
859 682 989 764 multoS,
1012 699 1043 748 et
1067 705 1131 748 non
1155 706 1268 770 paucas
1293 682 1337 749 f-

268 787 369 854 minas
393 785 554 868 seducens,
577 787 615 854 ad
640 811 674 852 se
697 789 849 868 converti,
872 788 963 854 velut.
978 787 1015 854 ad
1032 789 1289 870 scientissimum,
1307 805 1337 856 et

267 891 415 958 virtutem
443 893 615 984 maximam
649 890 686 958 ab
718 890 926 959 invisibilibus
956 909 987 959 et
1018 891 1056 959 ab
1080 892 1336 961 inenarrabilibus

268 997 345 1064 locis
364 995 583 1080 habentem,(¹)
602 997 685 1080 fecit,
704 1021 888 1087 praecursor
906 1001 993 1088 quasi
1013 1021 1086 1066 vere
1102 1001 1254 1068 exsistens
1271 1004 1337 1068 An-

265 1103 450 1172 tichristi.<²l
500 1105 684 1172 Anaxilail³l
707 1107 792 1172 eninr
816 1106 932 1173 ludicra
957 1130 1029 1173 cum
1053 1108 1189 1196 nequitia
1213 1130 1335 1189 eorum,

265 1212 319 1298 qui
341 1209 488 1278 dicuntur
511 1212 606 1300 magi,
630 1213 854 1292 commiscem,
873 1235 928 1301 per
946 1213 1022 1280 haec
1041 1213 1173 1279 virtutes
1188 1213 1335 1302 perficere

266 1337 390 1408 putatur
413 1319 494 1408 apud
518 1342 583 1403 eos,
606 1321 659 1410 qui
684 1343 812 1387 sensum
836 1343 900 1387 non
923 1321 1049 1404 habent,
1069 1337 1099 1388 et
1118 1345 1134 1387 a
1156 1327 1261 1387 mente
1281 1345 1335 1388 sua

265 1443 476 1493 excesserunt.

265 1641 409 1728 ὑπίρχων
432 1640 554 1728 κυβείας
576 1639 799 1728 ἐμπειρότατος.
847 1641 1026 1728 Ἀπατίγσας
1048 1645 1082 1707 δὲ
1105 1648 1173 1720 τους
1195 1663 1334 1729 προειρη-

265 1747 373 1834 μένους
383 1748 497 1826 natvm
508 1751 560 1812 καί
575 1751 628 1825 τὰς
643 1749 872 1834 προειρημένας)
887 1749 1050 1835 προσέχειν
1061 1753 1141 1835 αὐτῷ
1153 1753 1282 1832 ἔπεισεν,
1295 1750 1335 1830 ὡς

265 1855 512 1940 γνωστιαωτίιτιρ,
532 1857 585 1919 καὶ
602 1855 725 1939 δύναμιν
740 1859 794 1940 τὴν
813 1857 957 1941 μεγίστην
975 1857 1036 1921 ἀπὸ
1055 1867 1114 1921 τῶν
1132 1858 1269 1943 ἀοράτων
1283 1861 1336 1922 καὶ

265 1963 525 2046 ἀκατονομάστων
536 1959 636 2027 τόπων
648 1963 758 2048 ἔχοντι,
772 1961 813 2040 ὡς
823 1963 991 2048 πρόδρομος
1006 1963 1047 2040 ὣς
1061 1963 1188 2050 ἀληθῶς
1199 1973 1251 2028 τοῦ
1267 1962 1336 2029 ’Av-

264 2069 416 2155 τιχρίστου
444 2069 664 2134 ἀποδέδεικται.
711 2068 760 2133 Τὰ
777 2073 835 2155 γὰρ
860 2068 1041 2147 Ἀναξιλάου
1073 2070 1195 2156 παίγνια
1217 2081 1256 2155 τῇ
1278 2079 1336 2136 τῶν
1439 2104 1445 2116 ·

264 2175 434 2261 λεγομένων
457 2176 562 2262 μάγων
579 2175 747 2262 πανουργίᾳ
765 2175 923 2263 συμμίξας,
943 2176 981 2240 δι’
998 2179 1095 2241 αὐτῶν
1114 2177 1284 2262 (ραντίζων
1302 2201 1335 2243 τε

263 2285 316 2346 καί
339 2282 477 2366 μαγεύων
499 2282 583 2365 κτλ.)
599 2331 1334 2350 ..............

264 2527 394 2600 stylistica
413 2527 471 2596 (cfr.
491 2545 516 2580 ν.
530 2545 556 2598 g.
579 2527 720 2582 Trnrucr.
740 2527 773 2582 de
863 2529 905 2596 (2)
924 2527 978 2582 Clr.
998 2529 1110 2583 blarru.
1130 2529 1228 2594 XXIV,
1249 2543 1290 2594 24.

265 2611 427 2680 Marcione):
455 2610 616 2681 probabilius
635 2611 715 2682 igitur
733 2623 771 2666 est
863 2614 904 2682 (3)
925 2612 964 2666 De
993 2613 1043 2666 hoc
1072 2614 1205 2666 Anaxilao
1231 2613 1335 2667 medico

264 2712 326 2749 eurn
346 2713 368 2748 c.
388 2713 412 2747 a.
434 2695 484 2748 180
502 2713 516 2748 e
533 2695 600 2748 vivis
619 2697 770 2762 excessisse,
828 2697 901 2767 plura
918 2698 986 2768 apud
999 2698 1078 2751 Peru.
1095 2698 1162 2751 Hisl.
1180 2699 1334 2768 Nal.19,1;

265 2779 385 2834 floruisse
404 2797 467 2834 vero
482 2797 537 2834 non
556 2791 618 2834 ante
637 2798 660 2834 a.
678 2795 723 2847 145
746 2782 773 2834 in
829 2782 872 2846 28,
897 2798 936 2846 rr;
962 2797 1053 2850 33,1o;
1084 2800 1114 2835 ac
1135 2800 1218 2852 praes.
1241 2797 1281 2850 33,
1304 2797 1332 2849 15

265 2866 346 2920 Asiae
365 2865 524 2938 regionibus,
540 2866 678 2936 exquibus
697 2867 773 2919 disci·
828 2867 871 2920 ubi
890 2867 987 2920 similia
1007 2867 1161 2920 enarrandis
1180 2879 1334 2921 occurrunt:

265 2947 319 3020 puli
335 2950 472 3004 celerrime
487 2949 515 3002 in
530 2949 707 3004 occidentales
725 2948 773 3002 dil·
831 2948 980 3020 «Sulphure
1036 2949 1096 3002 lusit
1107 2962 1133 3002 et
1145 2949 1290 3002 Anaxilaus
1303 2966 1335 3002 eo

265 3033 315 3088 fusi
323 3035 375 3088 sint
383 3034 503 3105 usquead
510 3033 773 3088 Rhodanensesteste
831 3053 845 3082 u
855 3034 971 3087 candens
981 3034 1008 3086 in
1018 3034 1099 3086 calice
1110 3050 1189 3097 novo,
1200 3050 1335 3103 prunaque

265 3119 303 3172 111.
319 3119 346 3172 h.
362 3136 385 3172 c.
400 3119 449 3188 57.
488 3117 558 3171 Iren.
575 3129 666 3171 autem
676 3116 773 3171 referre
831 3117 957 3170 «subdita
994 3116 1190 3182 circumferens,
1227 3116 1334 3170 exarde-

264 3219 357 3256 veram
376 3203 459 3256 Marci
477 3203 627 3256 doctrinam
646 3219 679 3255 ex
695 3201 770 3255 Hrm.
831 3201 952 3254 «scentis
962 3217 1124 3270 repercussu,
1139 3200 1237 3271 pallore
1248 3201 1334 3254 dirum

264 3299 346 3358 patet,
364 3287 408 3358 qui
422 3285 641 3355 (Philos.Vl,42)
660 3298 773 3340 testatur
831 3287 925 3340 «velut
953 3284 1147 3350 defunctorum,
1181 3283 1334 3338 offundente

263 3371 372 3442 quidem
404 3372 488 3442 plures
520 3370 604 3423 Marci
630 3370 773 3441 discipulos
830 3369 973 3424 «convivis
983 3389 1008 3422 υ.
1049 3369 1202 3433 Quemdam
1228 3369 1333 3422 Anaxil.

264 3471 313 3508 suo
331 3468 451 3526 tempore
474 3455 599 3526 conqueri
622 3472 650 3508 se
674 3471 771 3526 nequa·
827 3472 841 3507 a
861 3455 984 3526 Laryssa,
1002 3453 1191 3524 philosophum
1215 3454 1334 3524 pythag,

264 3555 343 3610 quam
357 3541 394 3592 sic
404 3540 534 3610 accepisse
548 3539 593 3610 qui
606 3541 651 3592 scl.
668 3556 772 3609 semper
827 3538 899 3592 Urbe
918 3539 1022 3609 pulsum
1047 3538 1080 3590 ab
1105 3539 1227 3609 Augusto
1254 3539 1334 3592 tradit

264 3641 363 3696 negare
375 3624 534 3688 didicerant,
549 3637 585 3688 at,
598 3623 719 3694 diligenti
732 3623 772 3676 in·
826 3621 922 3675 Euseu.
942 3621 1074 3691 (chronol.
1095 3621 1195 3692 Olinrp.
1220 3623 1277 3685 188,
1295 3625 1333 3690 1);

264 3709 406 3780 quisitione
419 3719 532 3780 peracta,
548 3719 643 3761 cuncta
656 3724 719 3761 vera
732 3707 772 3760 in·
826 3707 859 3760 de
882 3723 914 3758 eo
935 3707 1009 3776 plura
1035 3705 1082 3759 csr.
1107 3707 1174 3776 apud
1200 3705 1334 3769 Sraoren,

265 3794 376 3847 venisse.
413 3791 515 3846 Graeca
528 3792 652 3862 usquead
663 3809 684 3845 c.
695 3791 771 3844 XXII
827 3789 876 3842 Die
895 3789 1000 3856 erellm
1022 3789 1064 3842 des
1088 3790 1187 3842 Plinius
1212 3791 1245 3841 im
1271 3789 1335 3842 1111

264 3889 325 3932 sunt
344 3895 377 3931 ex
395 3876 486 3930 Error.
503 3891 543 3945 34,
561 3892 570 3929 1
586 3893 657 3946 sqq.;
673 3877 769 3929 collata
827 3873 913 3937 Βατία,
935 3875 1012 3943 1891,
1031 3891 1055 3944 p.
1077 3889 1110 3944 29
1129 3890 1166 3943 sq.
1204 3873 1333 3942 Equidem

263 3975 355 4016 tamen
374 3979 435 4015 cum
454 3961 528 4014 H1ee.
548 3959 594 4025 Vl,
613 3977 649 4026 40
667 3978 723 4032 sqq.
826 3958 1000 4012 attendendus
1008 3959 1087 4010 estab
1095 3957 1333 4026 historicisgnosti·

299 4047 342 4112 (1)
360 4045 488 4116 Fingebat
509 4045 581 4098 enim
599 4045 634 4113 (c.
648 4043 721 4110 XVI,
746 4047 772 4110 1)
826 4043 901 4096 cismi
911 4041 954 4096 hic
964 4059 1047 4095 nexus
1058 4059 1117 4094 curn
1129 4040 1256 4094 doctrinis
1266 4042 1332 4113 phy-

262 4130 394 4183 tetradem
407 4129 490 4199 ipsam
504 4128 625 4182 muliebri
639 4127 722 4198 ligura
738 4129 771 4181 ad
826 4128 885 4181 sicis
898 4127 1033 4198 temporis.
1070 4125 1124 4179 Csr.
1135 4125 1201 4178 infra
1215 4143 1236 4178 c.
1247 4125 1331 4178 XVII.

263 4229 292 4266 se
306 4213 473 4267 descendisse
487 4229 517 4266 ac
532 4224 626 4266 cuncta
642 4213 770 4266 docuisse.
825 4211 866 4264 De
885 4212 982 4282 magia,
1001 4212 1060 4281 lege
1077 4209 1170 4262 Philus.
1191 4209 1237 4273 IV,
1250 4223 1287 4262 ιν.
