<?xml version="1.0" encoding="UTF-8"?>
<!DOCTYPE html PUBLIC "-//W3C//DTD XHTML 1.0 Transitional//EN"
    "http://www.w3.org/TR/xhtml1/DTD/xhtml1-transitional.dtd">
<html xmlns="http://www.w3.org/1999/xhtml" xml:lang="en" lang="en">
 <head>
  <title>
</title>
<meta http-equiv="Content-Type" content="text/html;charset=utf-8" />
  <meta name='ocr-system' content='tesseract 3.04.00' />
  <meta name='ocr-capabilities' content='ocr_page ocr_carea ocr_par ocr_line ocrx_word'/>
</head>
<body>
  <div class='ocr_page' id='page_1' title='image "./adversushaerese00irengoog_0099.png"; bbox 0 0 3230 5062; ppageno 0'>
   <div class='ocr_carea' id='block_1_1' title="bbox 380 459 1454 2132">
    <p class='ocr_par' dir='ltr' id='par_1_1' title="bbox 388 459 1451 532">
     <span class='ocr_line' id='line_1_1' title="bbox 388 459 1451 532; baseline 0.011 -28"><span class='ocrx_word' id='word_1_1' title='bbox 388 459 429 524; x_wconf 74' lang='lat'>94</span> <span class='ocrx_word' id='word_1_2' title='bbox 675 460 803 509; x_wconf 77' lang='lat' dir='ltr'>rnenaer</span> <span class='ocrx_word' id='word_1_3' title='bbox 827 463 987 507; x_wconf 70' lang='lat' dir='ltr'>aot&#39;ensus</span> <span class='ocrx_word' id='word_1_4' title='bbox 1009 463 1164 510; x_wconf 37' lang='lat' dir='ltr'>niteamus</span> <span class='ocrx_word' id='word_1_5' title='bbox 1321 463 1380 532; x_wconf 86' lang='lat' dir='ltr'>[lll,</span> <span class='ocrx_word' id='word_1_6' title='bbox 1401 477 1451 529; x_wconf 82' lang='lat'>4-5</span> 
     </span>
    </p>

    <p class='ocr_par' dir='ltr' id='par_1_2' title="bbox 380 651 1454 1811">
     <span class='ocr_line' id='line_1_2' title="bbox 452 651 1452 739; baseline 0.006 -22"><span class='ocrx_word' id='word_1_7' title='bbox 452 676 482 739; x_wconf 84' lang='lat'>4.</span> <span class='ocrx_word' id='word_1_8' title='bbox 508 651 606 734; x_wconf 91' lang='lat' dir='ltr'>Quod</span> <span class='ocrx_word' id='word_1_9' title='bbox 619 653 652 704; x_wconf 72' lang='lat'>(¹)</span> <span class='ocrx_word' id='word_1_10' title='bbox 675 669 796 718; x_wconf 87' lang='lat' dir='ltr'>autem:</span> <span class='ocrx_word' id='word_1_11' title='bbox 816 653 1010 720; x_wconf 80' lang='lat' dir='ltr'>Salvatorem</span> <span class='ocrx_word' id='word_1_12' title='bbox 1034 677 1070 720; x_wconf 82' lang='lat' dir='ltr'>ex</span> <span class='ocrx_word' id='word_1_13' title='bbox 1087 654 1235 722; x_wconf 85' lang='lat' dir='ltr'>omnibns</span> <span class='ocrx_word' id='word_1_14' title='bbox 1251 659 1452 722; x_wconf 82' lang='lat' dir='ltr'>exsistentem</span> 
     </span>
     <span class='ocr_line' id='line_1_3' title="bbox 385 759 1454 850; baseline 0.001 -23"><span class='ocrx_word' id='word_1_15' title='bbox 385 761 495 828; x_wconf 84' lang='lat' dir='ltr'>Omne</span> <span class='ocrx_word' id='word_1_16' title='bbox 519 783 597 840; x_wconf 86' lang='lat' dir='ltr'>esse,</span> <span class='ocrx_word' id='word_1_17' title='bbox 614 783 667 847; x_wconf 89' lang='lat' dir='ltr'>per</span> <span class='ocrx_word' id='word_1_18' title='bbox 690 759 750 825; x_wconf 93' lang='lat' dir='ltr'>hoc</span> <span class='ocrx_word' id='word_1_19' title='bbox 775 781 973 847; x_wconf 89' lang='lat' dir='ltr'>responsum,</span> <span class='ocrx_word' id='word_1_20' title='bbox 988 762 1126 829; x_wconf 86' lang='lat' dir='ltr'>«Omne</span> <span class='ocrx_word' id='word_1_21' title='bbox 1149 763 1359 827; x_wconf 87' lang='lat' dir='ltr'>masculinum</span> <span class='ocrx_word' id='word_1_22' title='bbox 1382 787 1454 850; x_wconf 88' lang='lat' dir='ltr'>ape-</span> 
     </span>
     <span class='ocr_line' id='line_1_4' title="bbox 389 866 1453 950; baseline 0.004 -20"><span class='ocrx_word' id='word_1_23' title='bbox 389 895 404 930; x_wconf 85' lang='lat'>«</span> <span class='ocrx_word' id='word_1_24' title='bbox 417 869 499 934; x_wconf 92' lang='lat' dir='ltr'>riens</span> <span class='ocrx_word' id='word_1_25' title='bbox 516 868 643 932; x_wconf 79' lang='lat' dir='ltr'>vulvam</span> <span class='ocrx_word' id='word_1_26' title='bbox 655 869 726 950; x_wconf 83' lang='lat' dir='ltr'>»,(²l</span> <span class='ocrx_word' id='word_1_27' title='bbox 742 867 932 933; x_wconf 83' lang='lat' dir='ltr'>manifestari</span> <span class='ocrx_word' id='word_1_28' title='bbox 956 866 1073 933; x_wconf 89' lang='lat' dir='ltr'>dicunt.</span> <span class='ocrx_word' id='word_1_29' title='bbox 1112 869 1179 949; x_wconf 90' lang='lat' dir='ltr'>Qui</span> <span class='ocrx_word' id='word_1_30' title='bbox 1193 891 1266 934; x_wconf 90' lang='lat' dir='ltr'>cum</span> <span class='ocrx_word' id='word_1_31' title='bbox 1279 871 1387 935; x_wconf 89' lang='lat' dir='ltr'>onmia</span> <span class='ocrx_word' id='word_1_32' title='bbox 1402 871 1453 948; x_wconf 88' lang='lat' dir='ltr'>sit,</span> 
     </span>
     <span class='ocr_line' id='line_1_5' title="bbox 384 974 1453 1062; baseline 0 -22"><span class='ocrx_word' id='word_1_33' title='bbox 384 976 503 1061; x_wconf 85' lang='lat' dir='ltr'>aperuit</span> <span class='ocrx_word' id='word_1_34' title='bbox 526 974 655 1040; x_wconf 80' lang='lat' dir='ltr'>vulvam</span> <span class='ocrx_word' id='word_1_35' title='bbox 682 974 918 1061; x_wconf 84' lang='lat' dir='ltr'>excogitationis</span> <span class='ocrx_word' id='word_1_36' title='bbox 943 975 1023 1061; x_wconf 88' lang='lat' dir='ltr'>passi</span> <span class='ocrx_word' id='word_1_37' title='bbox 1048 975 1178 1056; x_wconf 86' lang='lat' dir='ltr'>Aeonis,</span> <span class='ocrx_word' id='word_1_38' title='bbox 1201 991 1232 1039; x_wconf 90' lang='lat' dir='ltr'>et</span> <span class='ocrx_word' id='word_1_39' title='bbox 1255 993 1394 1062; x_wconf 86' lang='lat' dir='ltr'>separata</span> <span class='ocrx_word' id='word_1_40' title='bbox 1417 999 1453 1040; x_wconf 91' lang='lat' dir='ltr'>ea</span> 
     </span>
     <span class='ocr_line' id='line_1_6' title="bbox 383 1080 1452 1168; baseline 0 -21"><span class='ocrx_word' id='word_1_41' title='bbox 383 1097 468 1147; x_wconf 89' lang='lat' dir='ltr'>extra</span> <span class='ocrx_word' id='word_1_42' title='bbox 492 1081 647 1162; x_wconf 81' lang='lat' dir='ltr'>Pleroma,</span> <span class='ocrx_word' id='word_1_43' title='bbox 671 1104 766 1168; x_wconf 88' lang='lat' dir='ltr'>quam</span> <span class='ocrx_word' id='word_1_44' title='bbox 798 1082 891 1147; x_wconf 87' lang='lat' dir='ltr'>etiam</span> <span class='ocrx_word' id='word_1_45' title='bbox 922 1081 1090 1146; x_wconf 90' lang='lat' dir='ltr'>secundam</span> <span class='ocrx_word' id='word_1_46' title='bbox 1120 1080 1294 1167; x_wconf 77' lang='lat' dir='ltr'>ogdoadem</span> <span class='ocrx_word' id='word_1_47' title='bbox 1328 1101 1452 1163; x_wconf 83' lang='lat' dir='ltr'>vocant,</span> 
     </span>
     <span class='ocr_line' id='line_1_7' title="bbox 382 1187 1451 1277; baseline 0.001 -23"><span class='ocrx_word' id='word_1_48' title='bbox 382 1187 421 1254; x_wconf 91' lang='lat' dir='ltr'>de</span> <span class='ocrx_word' id='word_1_49' title='bbox 443 1213 503 1277; x_wconf 88' lang='lat' dir='ltr'>qua</span> <span class='ocrx_word' id='word_1_50' title='bbox 521 1187 612 1275; x_wconf 87' lang='lat' dir='ltr'>paulo</span> <span class='ocrx_word' id='word_1_51' title='bbox 628 1207 698 1275; x_wconf 86' lang='lat' dir='ltr'>post</span> <span class='ocrx_word' id='word_1_52' title='bbox 721 1187 911 1253; x_wconf 77' lang='lat' dir='ltr'>dicemus.(³&gt;</span> <span class='ocrx_word' id='word_1_53' title='bbox 956 1189 994 1253; x_wconf 90' lang='lat' dir='ltr'>Et</span> <span class='ocrx_word' id='word_1_54' title='bbox 1013 1212 1030 1253; x_wconf 88' lang='lat' dir='ltr'>a</span> <span class='ocrx_word' id='word_1_55' title='bbox 1047 1188 1145 1254; x_wconf 87' lang='lat' dir='ltr'>Paulo</span> <span class='ocrx_word' id='word_1_56' title='bbox 1164 1209 1267 1255; x_wconf 87' lang='lat' dir='ltr'>autem</span> <span class='ocrx_word' id='word_1_57' title='bbox 1287 1189 1451 1255; x_wconf 85' lang='lat' dir='ltr'>manifeste</span> 
     </span>
     <span class='ocr_line' id='line_1_8' title="bbox 383 1293 1452 1382; baseline 0.002 -22"><span class='ocrx_word' id='word_1_58' title='bbox 383 1313 509 1382; x_wconf 86' lang='lat' dir='ltr'>propter</span> <span class='ocrx_word' id='word_1_59' title='bbox 533 1294 593 1359; x_wconf 87' lang='lat' dir='ltr'>hoc</span> <span class='ocrx_word' id='word_1_60' title='bbox 617 1293 735 1360; x_wconf 91' lang='lat' dir='ltr'>dictum</span> <span class='ocrx_word' id='word_1_61' title='bbox 756 1293 878 1360; x_wconf 90' lang='lat' dir='ltr'>dicunt:</span> <span class='ocrx_word' id='word_1_62' title='bbox 909 1295 975 1360; x_wconf 83' lang='lat' dir='ltr'>«Et</span> <span class='ocrx_word' id='word_1_63' title='bbox 999 1296 1064 1382; x_wconf 89' lang='lat' dir='ltr'>ipse</span> <span class='ocrx_word' id='word_1_64' title='bbox 1077 1312 1124 1360; x_wconf 85' lang='lat' dir='ltr'>est</span> <span class='ocrx_word' id='word_1_65' title='bbox 1136 1296 1243 1361; x_wconf 87' lang='lat' dir='ltr'>onmia</span> <span class='ocrx_word' id='word_1_66' title='bbox 1255 1323 1286 1361; x_wconf 81' lang='grc' dir='ltr'>ν.</span> <span class='ocrx_word' id='word_1_67' title='bbox 1334 1297 1452 1362; x_wconf 85' lang='lat' dir='ltr'>Etrur-</span> 
     </span>
     <span class='ocr_line' id='line_1_9' title="bbox 383 1401 1449 1489; baseline 0.002 -23"><span class='ocrx_word' id='word_1_68' title='bbox 383 1425 456 1468; x_wconf 87' lang='lat' dir='ltr'>sus:</span> <span class='ocrx_word' id='word_1_69' title='bbox 486 1401 636 1468; x_wconf 85' lang='lat' dir='ltr'>«Omnia</span> <span class='ocrx_word' id='word_1_70' title='bbox 662 1403 693 1466; x_wconf 91' lang='lat' dir='ltr'>in</span> <span class='ocrx_word' id='word_1_71' title='bbox 718 1403 832 1488; x_wconf 90' lang='lat' dir='ltr'>ipsum,</span> <span class='ocrx_word' id='word_1_72' title='bbox 860 1418 889 1467; x_wconf 89' lang='lat' dir='ltr'>et</span> <span class='ocrx_word' id='word_1_73' title='bbox 913 1427 949 1466; x_wconf 87' lang='lat' dir='ltr'>ex</span> <span class='ocrx_word' id='word_1_74' title='bbox 971 1403 1039 1489; x_wconf 90' lang='lat' dir='ltr'>ipso</span> <span class='ocrx_word' id='word_1_75' title='bbox 1059 1404 1208 1468; x_wconf 86' lang='lat' dir='ltr'>omnia».</span> <span class='ocrx_word' id='word_1_76' title='bbox 1256 1403 1294 1468; x_wconf 85' lang='lat' dir='ltr'>Et</span> <span class='ocrx_word' id='word_1_77' title='bbox 1319 1404 1449 1468; x_wconf 89' lang='lat' dir='ltr'>iterum:</span> 
     </span>
     <span class='ocr_line' id='line_1_10' title="bbox 385 1507 1449 1596; baseline 0.005 -26"><span class='ocrx_word' id='word_1_78' title='bbox 385 1537 399 1571; x_wconf 78' lang='lat' dir='ltr'>n</span> <span class='ocrx_word' id='word_1_79' title='bbox 416 1509 451 1574; x_wconf 94' lang='lat' dir='ltr'>In</span> <span class='ocrx_word' id='word_1_80' title='bbox 475 1510 544 1596; x_wconf 92' lang='lat' dir='ltr'>ipso</span> <span class='ocrx_word' id='word_1_81' title='bbox 571 1508 686 1574; x_wconf 84' lang='lat' dir='ltr'>habitat</span> <span class='ocrx_word' id='word_1_82' title='bbox 710 1509 815 1574; x_wconf 91' lang='lat' dir='ltr'>omnis</span> <span class='ocrx_word' id='word_1_83' title='bbox 840 1507 998 1596; x_wconf 83' lang='lat' dir='ltr'>plenitudo</span> <span class='ocrx_word' id='word_1_84' title='bbox 1021 1509 1234 1575; x_wconf 78' lang='lat' dir='ltr'>divinitatis».</span> <span class='ocrx_word' id='word_1_85' title='bbox 1290 1511 1328 1575; x_wconf 84' lang='lat' dir='ltr'>Et</span> <span class='ocrx_word' id='word_1_86' title='bbox 1356 1509 1449 1576; x_wconf 91' lang='lat' dir='ltr'>illud:</span> 
     </span>
     <span class='ocr_line' id='line_1_11' title="bbox 388 1615 1449 1702; baseline 0.001 -21"><span class='ocrx_word' id='word_1_87' title='bbox 388 1615 627 1701; x_wconf 84' lang='lat' dir='ltr'>«Recapitulata</span> <span class='ocrx_word' id='word_1_88' title='bbox 651 1638 719 1680; x_wconf 86' lang='lat' dir='ltr'>esse</span> <span class='ocrx_word' id='word_1_89' title='bbox 743 1615 848 1680; x_wconf 87' lang='lat' dir='ltr'>omnia</span> <span class='ocrx_word' id='word_1_90' title='bbox 873 1617 904 1680; x_wconf 91' lang='lat' dir='ltr'>in</span> <span class='ocrx_word' id='word_1_91' title='bbox 930 1615 1058 1681; x_wconf 89' lang='lat' dir='ltr'>Christo</span> <span class='ocrx_word' id='word_1_92' title='bbox 1082 1639 1137 1702; x_wconf 88' lang='lat' dir='ltr'>per</span> <span class='ocrx_word' id='word_1_93' title='bbox 1161 1617 1265 1682; x_wconf 89' lang='lat' dir='ltr'>Deum</span> <span class='ocrx_word' id='word_1_94' title='bbox 1284 1617 1353 1680; x_wconf 56' lang='lat' dir='ltr'>»dd</span> <span class='ocrx_word' id='word_1_95' title='bbox 1400 1618 1449 1684; x_wconf 90' lang='lat' dir='ltr'>Sic</span> 
     </span>
     <span class='ocr_line' id='line_1_12' title="bbox 380 1720 1291 1811; baseline -0.001 -23"><span class='ocrx_word' id='word_1_96' title='bbox 380 1724 620 1810; x_wconf 83' lang='lat' dir='ltr'>interpretantur</span> <span class='ocrx_word' id='word_1_97' title='bbox 643 1720 733 1802; x_wconf 89' lang='lat' dir='ltr'>dicta,</span> <span class='ocrx_word' id='word_1_98' title='bbox 754 1739 784 1787; x_wconf 91' lang='lat' dir='ltr'>et</span> <span class='ocrx_word' id='word_1_99' title='bbox 806 1745 1008 1811; x_wconf 88' lang='lat' dir='ltr'>quaecunque</span> <span class='ocrx_word' id='word_1_100' title='bbox 1032 1723 1090 1788; x_wconf 87' lang='lat' dir='ltr'>alia</span> <span class='ocrx_word' id='word_1_101' title='bbox 1115 1739 1187 1788; x_wconf 88' lang='lat' dir='ltr'>sunt</span> <span class='ocrx_word' id='word_1_102' title='bbox 1210 1723 1291 1790; x_wconf 89' lang='lat' dir='ltr'>talia.</span> 
     </span>
    </p>

    <p class='ocr_par' dir='ltr' id='par_1_3' title="bbox 381 1827 1451 2132">
     <span class='ocr_line' id='line_1_13' title="bbox 452 1827 1449 1917; baseline 0.001 -26"><span class='ocrx_word' id='word_1_103' title='bbox 452 1849 479 1913; x_wconf 83' lang='lat'>5.</span> <span class='ocrx_word' id='word_1_104' title='bbox 504 1827 610 1917; x_wconf 86' lang='lat' dir='ltr'><em>[WH.</em></span> <span class='ocrx_word' id='word_1_105' title='bbox 631 1828 658 1907; x_wconf 92' lang='lat' dir='ltr'>l,</span> <span class='ocrx_word' id='word_1_106' title='bbox 672 1827 716 1916; x_wconf 87' lang='lat'>6].</span> <span class='ocrx_word' id='word_1_107' title='bbox 763 1827 874 1894; x_wconf 84' lang='lat' dir='ltr'>Adhuc</span> <span class='ocrx_word' id='word_1_108' title='bbox 887 1829 981 1893; x_wconf 85' lang='lat' dir='ltr'>etiam</span> <span class='ocrx_word' id='word_1_109' title='bbox 995 1828 1032 1894; x_wconf 82' lang='lat' dir='ltr'>de</span> <span class='ocrx_word' id='word_1_110' title='bbox 1046 1829 1136 1894; x_wconf 90' lang='lat' dir='ltr'>Horo</span> <span class='ocrx_word' id='word_1_111' title='bbox 1151 1851 1209 1893; x_wconf 92' lang='lat' dir='ltr'>suo</span> <span class='ocrx_word' id='word_1_112' title='bbox 1229 1827 1341 1917; x_wconf 90' lang='lat' dir='ltr'>(quem</span> <span class='ocrx_word' id='word_1_113' title='bbox 1354 1830 1449 1894; x_wconf 87' lang='lat' dir='ltr'>etiam</span> 
     </span>
     <span class='ocr_line' id='line_1_14' title="bbox 381 1935 1449 2024; baseline 0.002 -24"><span class='ocrx_word' id='word_1_114' title='bbox 381 1935 566 2022; x_wconf 79' lang='lat' dir='ltr'>plurimisl⁵l</span> <span class='ocrx_word' id='word_1_115' title='bbox 582 1935 763 2000; x_wconf 90' lang='lat' dir='ltr'>nominibus</span> <span class='ocrx_word' id='word_1_116' title='bbox 781 1935 909 2024; x_wconf 77' lang='lat' dir='ltr'>vocant)</span> <span class='ocrx_word' id='word_1_117' title='bbox 926 1935 1001 2002; x_wconf 84' lang='lat' dir='ltr'>duas</span> <span class='ocrx_word' id='word_1_118' title='bbox 1018 1939 1214 2022; x_wconf 83' lang='lat' dir='ltr'>operationes</span> <span class='ocrx_word' id='word_1_119' title='bbox 1238 1935 1350 2003; x_wconf 92' lang='lat' dir='ltr'>habere</span> <span class='ocrx_word' id='word_1_120' title='bbox 1375 1961 1449 2002; x_wconf 91' lang='lat' dir='ltr'>eum</span> 
     </span>
     <span class='ocr_line' id='line_1_15' title="bbox 382 2041 1451 2132; baseline 0.001 -25"><span class='ocrx_word' id='word_1_121' title='bbox 382 2041 561 2123; x_wconf 88' lang='lat' dir='ltr'>ostendunt,</span> <span class='ocrx_word' id='word_1_122' title='bbox 571 2041 823 2107; x_wconf 82' lang='lat' dir='ltr'>confirmativam</span> <span class='ocrx_word' id='word_1_123' title='bbox 834 2059 863 2108; x_wconf 91' lang='lat' dir='ltr'>et</span> <span class='ocrx_word' id='word_1_124' title='bbox 872 2043 1078 2129; x_wconf 86' lang='lat' dir='ltr'>separativam</span> <span class='ocrx_word' id='word_1_125' title='bbox 1091 2068 1097 2107; x_wconf 94' lang='lat'>:</span> <span class='ocrx_word' id='word_1_126' title='bbox 1112 2060 1142 2108; x_wconf 88' lang='lat' dir='ltr'>et</span> <span class='ocrx_word' id='word_1_127' title='bbox 1154 2043 1327 2110; x_wconf 88' lang='lat' dir='ltr'>secundum</span> <span class='ocrx_word' id='word_1_128' title='bbox 1338 2042 1368 2109; x_wconf 93' lang='lat' dir='ltr'>id</span> <span class='ocrx_word' id='word_1_129' title='bbox 1381 2045 1451 2132; x_wconf 90' lang='lat' dir='ltr'>qui-</span> 
     </span>
    </p>
   </div>
   <div class='ocr_carea' id='block_1_2' title="bbox 376 2183 1450 4034">
    <p class='ocr_par' dir='ltr' id='par_1_4' title="bbox 378 2183 1450 3338">
     <span class='ocr_line' id='line_1_16' title="bbox 448 2183 1450 2269; baseline 0 -21"><span class='ocrx_word' id='word_1_130' title='bbox 448 2206 478 2269; x_wconf 84' lang='lat'>4.</span> <span class='ocrx_word' id='word_1_131' title='bbox 503 2183 547 2248; x_wconf 78' lang='lat' dir='ltr'>Tt</span> <span class='ocrx_word' id='word_1_132' title='bbox 571 2185 614 2266; x_wconf 81' lang='grc' dir='ltr'>δὲ,</span> <span class='ocrx_word' id='word_1_133' title='bbox 638 2185 765 2269; x_wconf 70' lang='grc' dir='ltr'>Σωτῆρα</span> <span class='ocrx_word' id='word_1_134' title='bbox 789 2188 838 2248; x_wconf 73' lang='grc' dir='ltr'>τὸν</span> <span class='ocrx_word' id='word_1_135' title='bbox 862 2184 899 2248; x_wconf 81' lang='grc' dir='ltr'>ἐκ</span> <span class='ocrx_word' id='word_1_136' title='bbox 921 2184 1038 2249; x_wconf 61' lang='grc' dir='ltr'>πάντων</span> <span class='ocrx_word' id='word_1_137' title='bbox 1061 2188 1132 2250; x_wconf 70' lang='grc' dir='ltr'>ὄντα</span> <span class='ocrx_word' id='word_1_138' title='bbox 1153 2191 1187 2250; x_wconf 83' lang='grc' dir='ltr'>τὸ</span> <span class='ocrx_word' id='word_1_139' title='bbox 1211 2199 1270 2250; x_wconf 82' lang='grc' dir='ltr'>πᾶν</span> <span class='ocrx_word' id='word_1_140' title='bbox 1294 2189 1377 2268; x_wconf 76' lang='grc' dir='ltr'>εἶναι,</span> <span class='ocrx_word' id='word_1_141' title='bbox 1401 2187 1450 2250; x_wconf 68' lang='grc' dir='ltr'>δια</span> 
     </span>
     <span class='ocr_line' id='line_1_17' title="bbox 381 2289 1450 2377; baseline 0 -22"><span class='ocrx_word' id='word_1_142' title='bbox 381 2301 432 2355; x_wconf 83' lang='grc' dir='ltr'>τοῦ</span> <span class='ocrx_word' id='word_1_143' title='bbox 456 2289 549 2376; x_wconf 78' lang='grc' dir='ltr'>λόγου</span> <span class='ocrx_word' id='word_1_144' title='bbox 572 2301 634 2373; x_wconf 80' lang='grc' dir='ltr'>τοῦ,</span> <span class='ocrx_word' id='word_1_145' title='bbox 662 2317 676 2350; x_wconf 78' lang='grc' dir='ltr'>ιι</span> <span class='ocrx_word' id='word_1_146' title='bbox 689 2301 749 2354; x_wconf 73' lang='grc' dir='ltr'>πᾶν</span> <span class='ocrx_word' id='word_1_147' title='bbox 768 2292 855 2376; x_wconf 69' lang='grc' dir='ltr'>ἄρρεν</span> <span class='ocrx_word' id='word_1_148' title='bbox 874 2291 1021 2375; x_wconf 72' lang='grc' dir='ltr'>διανοῖγον</span> <span class='ocrx_word' id='word_1_149' title='bbox 1037 2291 1151 2376; x_wconf 75' lang='grc' dir='ltr'>μήτραν</span> <span class='ocrx_word' id='word_1_150' title='bbox 1164 2319 1195 2374; x_wconf 79' lang='grc' dir='ltr'>ν,</span> <span class='ocrx_word' id='word_1_151' title='bbox 1215 2293 1384 2377; x_wconf 68' lang='grc' dir='ltr'>δηλοῦσθαι</span> <span class='ocrx_word' id='word_1_152' title='bbox 1404 2293 1450 2356; x_wconf 79' lang='grc' dir='ltr'>λε’-</span> 
     </span>
     <span class='ocr_line' id='line_1_18' title="bbox 380 2397 1448 2484; baseline 0 -22"><span class='ocrx_word' id='word_1_153' title='bbox 380 2420 500 2484; x_wconf 79' lang='grc' dir='ltr'>γουοιν·</span> <span class='ocrx_word' id='word_1_154' title='bbox 549 2401 590 2480; x_wconf 75' lang='grc' dir='ltr'>ὃς,</span> <span class='ocrx_word' id='word_1_155' title='bbox 611 2402 644 2460; x_wconf 79' lang='grc' dir='ltr'>τὸ</span> <span class='ocrx_word' id='word_1_156' title='bbox 660 2409 719 2460; x_wconf 74' lang='grc' dir='ltr'>πᾶν</span> <span class='ocrx_word' id='word_1_157' title='bbox 741 2399 792 2478; x_wconf 84' lang='grc' dir='ltr'>ὢν,</span> <span class='ocrx_word' id='word_1_158' title='bbox 812 2397 936 2480; x_wconf 78' lang='grc' dir='ltr'>διήνοιξε</span> <span class='ocrx_word' id='word_1_159' title='bbox 954 2401 1009 2481; x_wconf 74' lang='grc' dir='ltr'>τὴν</span> <span class='ocrx_word' id='word_1_160' title='bbox 1026 2398 1140 2483; x_wconf 77' lang='grc' dir='ltr'>μήτραν</span> <span class='ocrx_word' id='word_1_161' title='bbox 1159 2410 1212 2480; x_wconf 73' lang='grc' dir='ltr'>τῆς</span> <span class='ocrx_word' id='word_1_162' title='bbox 1231 2399 1448 2482; x_wconf 70' lang='grc' dir='ltr'>Ἐνθομῇσεως</span> 
     </span>
     <span class='ocr_line' id='line_1_19' title="bbox 381 2502 1448 2589; baseline -0.001 -22"><span class='ocrx_word' id='word_1_163' title='bbox 381 2515 433 2568; x_wconf 80' lang='grc' dir='ltr'>τοῦ</span> <span class='ocrx_word' id='word_1_164' title='bbox 442 2505 630 2580; x_wconf 65' lang='grc' dir='ltr'>πεπονθότος</span> <span class='ocrx_word' id='word_1_165' title='bbox 643 2502 765 2580; x_wconf 85' lang='grc' dir='ltr'>Αἰιῖννος,</span> <span class='ocrx_word' id='word_1_166' title='bbox 777 2506 829 2566; x_wconf 84' lang='grc' dir='ltr'>καὶ</span> <span class='ocrx_word' id='word_1_167' title='bbox 842 2502 1045 2587; x_wconf 68' lang='grc' dir='ltr'>ἑξορισθείσης</span> <span class='ocrx_word' id='word_1_168' title='bbox 1059 2503 1145 2580; x_wconf 73' lang='grc' dir='ltr'>ἐκτὸς</span> <span class='ocrx_word' id='word_1_169' title='bbox 1157 2514 1210 2568; x_wconf 81' lang='grc' dir='ltr'>τοῦ</span> <span class='ocrx_word' id='word_1_170' title='bbox 1227 2503 1448 2589; x_wconf 56' lang='lat' dir='ltr'>[lap-opum:</span> 
     </span>
     <span class='ocr_line' id='line_1_20' title="bbox 379 2610 1447 2696; baseline -0.003 -21"><span class='ocrx_word' id='word_1_171' title='bbox 379 2615 415 2696; x_wconf 78' lang='grc' dir='ltr'>ἣν</span> <span class='ocrx_word' id='word_1_172' title='bbox 439 2613 475 2695; x_wconf 80' lang='grc' dir='ltr'>δὴ</span> <span class='ocrx_word' id='word_1_173' title='bbox 498 2615 551 2675; x_wconf 84' lang='grc' dir='ltr'>καὶ</span> <span class='ocrx_word' id='word_1_174' title='bbox 573 2611 712 2696; x_wconf 78' lang='grc' dir='ltr'>δευτέραν</span> <span class='ocrx_word' id='word_1_175' title='bbox 736 2611 868 2694; x_wconf 61' lang='lat' dir='ltr'>aptatae</span> <span class='ocrx_word' id='word_1_176' title='bbox 890 2610 1027 2690; x_wconf 79' lang='grc' dir='ltr'>καλοῦσι,</span> <span class='ocrx_word' id='word_1_177' title='bbox 1052 2614 1118 2694; x_wconf 76' lang='grc' dir='ltr'>περὶ</span> <span class='ocrx_word' id='word_1_178' title='bbox 1142 2614 1177 2694; x_wconf 73' lang='grc' dir='ltr'>ἧς</span> <span class='ocrx_word' id='word_1_179' title='bbox 1200 2615 1305 2695; x_wconf 67' lang='grc' dir='ltr'>μικρὸν</span> <span class='ocrx_word' id='word_1_180' title='bbox 1325 2615 1447 2693; x_wconf 75' lang='grc' dir='ltr'>ὕστερον</span> 
     </span>
     <span class='ocr_line' id='line_1_21' title="bbox 379 2716 1448 2805; baseline -0.004 -22"><span class='ocrx_word' id='word_1_181' title='bbox 379 2721 514 2805; x_wconf 75' lang='grc' dir='ltr'>ἐροῦμεν.</span> <span class='ocrx_word' id='word_1_182' title='bbox 561 2717 623 2782; x_wconf 78' lang='grc' dir='ltr'>Καὶ</span> <span class='ocrx_word' id='word_1_183' title='bbox 641 2719 699 2781; x_wconf 83' lang='grc' dir='ltr'>ὑπὸ</span> <span class='ocrx_word' id='word_1_184' title='bbox 718 2727 770 2781; x_wconf 80' lang='grc' dir='ltr'>τοῦ</span> <span class='ocrx_word' id='word_1_185' title='bbox 790 2716 914 2780; x_wconf 79' lang='grc' dir='ltr'>Παύλου</span> <span class='ocrx_word' id='word_1_186' title='bbox 934 2718 967 2779; x_wconf 79' lang='grc' dir='ltr'>δὲ</span> <span class='ocrx_word' id='word_1_187' title='bbox 985 2727 1118 2802; x_wconf 80' lang='grc' dir='ltr'>φανερῶς</span> <span class='ocrx_word' id='word_1_188' title='bbox 1137 2718 1185 2781; x_wconf 76' lang='grc' dir='ltr'>διὰ</span> <span class='ocrx_word' id='word_1_189' title='bbox 1204 2729 1290 2782; x_wconf 84' lang='grc' dir='ltr'>τοῦτο</span> <span class='ocrx_word' id='word_1_190' title='bbox 1309 2719 1448 2802; x_wconf 76' lang='grc' dir='ltr'>εἰρῆσθαι</span> 
     </span>
     <span class='ocr_line' id='line_1_22' title="bbox 380 2823 1448 2912; baseline -0.005 -21"><span class='ocrx_word' id='word_1_191' title='bbox 380 2827 517 2912; x_wconf 74' lang='grc' dir='ltr'>λέγουσι·</span> <span class='ocrx_word' id='word_1_192' title='bbox 544 2852 558 2886; x_wconf 79' lang='grc' dir='ltr'>ιι</span> <span class='ocrx_word' id='word_1_193' title='bbox 571 2828 623 2890; x_wconf 81' lang='grc' dir='ltr'>καὶ</span> <span class='ocrx_word' id='word_1_194' title='bbox 640 2823 729 2900; x_wconf 80' lang='grc' dir='ltr'>αὐτὸς</span> <span class='ocrx_word' id='word_1_195' title='bbox 748 2824 811 2886; x_wconf 81' lang='grc' dir='ltr'>ἐστι</span> <span class='ocrx_word' id='word_1_196' title='bbox 829 2827 867 2886; x_wconf 73' lang='grc' dir='ltr'>τὰ</span> <span class='ocrx_word' id='word_1_197' title='bbox 884 2823 982 2887; x_wconf 67' lang='grc' dir='ltr'>πάντα</span> <span class='ocrx_word' id='word_1_198' title='bbox 994 2844 1029 2884; x_wconf 82' lang='grc' dir='ltr'>ν·</span> <span class='ocrx_word' id='word_1_199' title='bbox 1076 2825 1128 2886; x_wconf 74' lang='grc' dir='ltr'>καὶ</span> <span class='ocrx_word' id='word_1_200' title='bbox 1145 2824 1245 2904; x_wconf 65' lang='lat' dir='ltr'>nutv,</span> <span class='ocrx_word' id='word_1_201' title='bbox 1268 2849 1283 2884; x_wconf 83' lang='grc' dir='ltr'>ιι</span> <span class='ocrx_word' id='word_1_202' title='bbox 1295 2823 1394 2887; x_wconf 67' lang='grc' dir='ltr'>πάντα</span> <span class='ocrx_word' id='word_1_203' title='bbox 1408 2823 1448 2899; x_wconf 84' lang='grc' dir='ltr'>εἰς</span> 
     </span>
     <span class='ocr_line' id='line_1_23' title="bbox 382 2929 1449 3014; baseline -0.003 -19"><span class='ocrx_word' id='word_1_204' title='bbox 382 2961 397 2996; x_wconf 79' lang='grc' dir='ltr'>(ι</span> <span class='ocrx_word' id='word_1_205' title='bbox 412 2937 511 3014; x_wconf 79' lang='grc' dir='ltr'>αὐτὸν,</span> <span class='ocrx_word' id='word_1_206' title='bbox 536 2935 588 2997; x_wconf 81' lang='grc' dir='ltr'>καὶ</span> <span class='ocrx_word' id='word_1_207' title='bbox 611 2930 643 3008; x_wconf 83' lang='grc' dir='ltr'>ἐξ</span> <span class='ocrx_word' id='word_1_208' title='bbox 665 2933 757 2994; x_wconf 78' lang='grc' dir='ltr'>αὐτοῦ</span> <span class='ocrx_word' id='word_1_209' title='bbox 781 2934 817 2993; x_wconf 68' lang='grc' dir='ltr'>τὰ</span> <span class='ocrx_word' id='word_1_210' title='bbox 839 2929 937 2993; x_wconf 75' lang='lat' dir='ltr'>nitra</span> <span class='ocrx_word' id='word_1_211' title='bbox 949 2951 986 2990; x_wconf 85' lang='grc' dir='ltr'>ν·</span> <span class='ocrx_word' id='word_1_212' title='bbox 1033 2931 1085 2992; x_wconf 75' lang='grc' dir='ltr'>καὶ</span> <span class='ocrx_word' id='word_1_213' title='bbox 1100 2930 1199 3011; x_wconf 65' lang='grc' dir='ltr'>πάλιν,</span> <span class='ocrx_word' id='word_1_214' title='bbox 1223 2955 1237 2990; x_wconf 83' lang='grc' dir='ltr'>ιι</span> <span class='ocrx_word' id='word_1_215' title='bbox 1250 2932 1283 2993; x_wconf 76' lang='grc' dir='ltr'>ὲν</span> <span class='ocrx_word' id='word_1_216' title='bbox 1298 2933 1379 3010; x_wconf 65' lang='grc' dir='ltr'>αὐτῇ</span> <span class='ocrx_word' id='word_1_217' title='bbox 1396 2953 1449 2993; x_wconf 82' lang='grc' dir='ltr'>κα-</span> 
     </span>
     <span class='ocr_line' id='line_1_24' title="bbox 381 3036 1446 3121; baseline -0.002 -20"><span class='ocrx_word' id='word_1_218' title='bbox 381 3069 396 3102; x_wconf 77' lang='lat' dir='ltr'>a</span> <span class='ocrx_word' id='word_1_219' title='bbox 412 3051 508 3105; x_wconf 85' lang='grc' dir='ltr'>τοικεῖ</span> <span class='ocrx_word' id='word_1_220' title='bbox 526 3049 586 3103; x_wconf 82' lang='grc' dir='ltr'>πᾶν</span> <span class='ocrx_word' id='word_1_221' title='bbox 609 3043 643 3102; x_wconf 84' lang='grc' dir='ltr'>τὸ</span> <span class='ocrx_word' id='word_1_222' title='bbox 666 3037 815 3121; x_wconf 71' lang='grc' dir='ltr'>πλήρωμα</span> <span class='ocrx_word' id='word_1_223' title='bbox 843 3046 896 3120; x_wconf 70' lang='grc' dir='ltr'>τῆς</span> <span class='ocrx_word' id='word_1_224' title='bbox 919 3036 1111 3120; x_wconf 52' lang='lat' dir='ltr'>dedentem·</span> <span class='ocrx_word' id='word_1_225' title='bbox 1158 3040 1211 3099; x_wconf 80' lang='grc' dir='ltr'>καὶ</span> <span class='ocrx_word' id='word_1_226' title='bbox 1233 3041 1277 3118; x_wconf 81' lang='grc' dir='ltr'>τὸ,</span> <span class='ocrx_word' id='word_1_227' title='bbox 1308 3061 1323 3096; x_wconf 82' lang='grc' dir='ltr'>ιι</span> <span class='ocrx_word' id='word_1_228' title='bbox 1337 3038 1446 3100; x_wconf 77' lang='grc' dir='ltr'>ἀνακε-</span> 
     </span>
     <span class='ocr_line' id='line_1_25' title="bbox 384 3142 1446 3231; baseline -0.006 -21"><span class='ocrx_word' id='word_1_229' title='bbox 384 3146 645 3231; x_wconf 67' lang='grc' dir='ltr'>ιιφαλαιὼσασθαι</span> <span class='ocrx_word' id='word_1_230' title='bbox 667 3144 701 3208; x_wconf 74' lang='grc' dir='ltr'>δὲ</span> <span class='ocrx_word' id='word_1_231' title='bbox 724 3147 762 3208; x_wconf 73' lang='grc' dir='ltr'>τὰ</span> <span class='ocrx_word' id='word_1_232' title='bbox 784 3144 882 3206; x_wconf 72' lang='grc' dir='ltr'>πάντα</span> <span class='ocrx_word' id='word_1_233' title='bbox 904 3143 935 3206; x_wconf 81' lang='grc' dir='ltr'>ἐν</span> <span class='ocrx_word' id='word_1_234' title='bbox 958 3152 1001 3226; x_wconf 85' lang='grc' dir='ltr'>τῷ</span> <span class='ocrx_word' id='word_1_235' title='bbox 1026 3143 1148 3227; x_wconf 81' lang='grc' dir='ltr'>Χριστῷ</span> <span class='ocrx_word' id='word_1_236' title='bbox 1171 3143 1220 3208; x_wconf 70' lang='grc' dir='ltr'>διὰ</span> <span class='ocrx_word' id='word_1_237' title='bbox 1242 3153 1296 3206; x_wconf 78' lang='grc' dir='ltr'>τοῦ</span> <span class='ocrx_word' id='word_1_238' title='bbox 1320 3142 1401 3207; x_wconf 81' lang='grc' dir='ltr'>Θεοῦ</span> <span class='ocrx_word' id='word_1_239' title='bbox 1415 3165 1446 3204; x_wconf 81' lang='grc' dir='ltr'>ν·</span> 
     </span>
     <span class='ocr_line' id='line_1_26' title="bbox 378 3251 1347 3338; baseline -0.006 -20"><span class='ocrx_word' id='word_1_240' title='bbox 378 3257 470 3330; x_wconf 79' lang='grc' dir='ltr'>οὓτως</span> <span class='ocrx_word' id='word_1_241' title='bbox 493 3253 703 3338; x_wconf 79' lang='grc' dir='ltr'>ἑρμηνεύουσιν</span> <span class='ocrx_word' id='word_1_242' title='bbox 727 3251 876 3334; x_wconf 63' lang='grc' dir='ltr'>εἰρῆσθαι,</span> <span class='ocrx_word' id='word_1_243' title='bbox 900 3252 953 3314; x_wconf 81' lang='grc' dir='ltr'>καὶ</span> <span class='ocrx_word' id='word_1_244' title='bbox 975 3251 1002 3314; x_wconf 82' lang='grc' dir='ltr'>εἶ</span> <span class='ocrx_word' id='word_1_245' title='bbox 1023 3272 1088 3313; x_wconf 89' lang='grc' dir='ltr'>τινα</span> <span class='ocrx_word' id='word_1_246' title='bbox 1112 3251 1192 3314; x_wconf 79' lang='grc' dir='ltr'>ἄλλα</span> <span class='ocrx_word' id='word_1_247' title='bbox 1215 3259 1347 3314; x_wconf 80' lang='grc' dir='ltr'>τοιαῦτα.</span> 
     </span>
    </p>

    <p class='ocr_par' dir='ltr' id='par_1_5' title="bbox 378 3356 1449 3659">
     <span class='ocr_line' id='line_1_27' title="bbox 447 3356 1448 3445; baseline -0.004 -21"><span class='ocrx_word' id='word_1_248' title='bbox 447 3379 474 3445; x_wconf 82' lang='lat'>5.</span> <span class='ocrx_word' id='word_1_249' title='bbox 499 3361 630 3424; x_wconf 81' lang='grc' dir='ltr'>Ἔπειτα</span> <span class='ocrx_word' id='word_1_250' title='bbox 651 3361 719 3442; x_wconf 78' lang='grc' dir='ltr'>περὶ</span> <span class='ocrx_word' id='word_1_251' title='bbox 741 3367 794 3421; x_wconf 86' lang='grc' dir='ltr'>τοῦ</span> <span class='ocrx_word' id='word_1_252' title='bbox 816 3357 912 3440; x_wconf 87' lang='grc' dir='ltr'>Ὄρου</span> <span class='ocrx_word' id='word_1_253' title='bbox 935 3359 1041 3438; x_wconf 82' lang='grc' dir='ltr'>αὐτῶν,</span> <span class='ocrx_word' id='word_1_254' title='bbox 1060 3360 1094 3420; x_wconf 77' lang='grc' dir='ltr'>ὃν</span> <span class='ocrx_word' id='word_1_255' title='bbox 1108 3358 1145 3442; x_wconf 74' lang='grc' dir='ltr'>δὴ</span> <span class='ocrx_word' id='word_1_256' title='bbox 1161 3359 1213 3420; x_wconf 74' lang='grc' dir='ltr'>καὶ</span> <span class='ocrx_word' id='word_1_257' title='bbox 1228 3356 1362 3420; x_wconf 76' lang='grc' dir='ltr'>πλείοσιν</span> <span class='ocrx_word' id='word_1_258' title='bbox 1385 3357 1448 3420; x_wconf 71' lang='lat' dir='ltr'>ovo-</span> 
     </span>
     <span class='ocr_line' id='line_1_28' title="bbox 378 3461 1448 3552; baseline -0.004 -21"><span class='ocrx_word' id='word_1_259' title='bbox 378 3489 467 3552; x_wconf 80' lang='grc' dir='ltr'>μασιν</span> <span class='ocrx_word' id='word_1_260' title='bbox 481 3467 619 3546; x_wconf 78' lang='grc' dir='ltr'>καλοῦσι,</span> <span class='ocrx_word' id='word_1_261' title='bbox 637 3467 689 3528; x_wconf 68' lang='grc' dir='ltr'>δύο</span> <span class='ocrx_word' id='word_1_262' title='bbox 712 3463 861 3549; x_wconf 70' lang='grc' dir='ltr'>ἐνεργείας</span> <span class='ocrx_word' id='word_1_263' title='bbox 876 3465 959 3549; x_wconf 83' lang='grc' dir='ltr'>ἔχειν</span> <span class='ocrx_word' id='word_1_264' title='bbox 973 3466 1062 3528; x_wconf 82' lang='grc' dir='ltr'>αὐτὸν</span> <span class='ocrx_word' id='word_1_265' title='bbox 1082 3461 1323 3548; x_wconf 79' lang='grc' dir='ltr'>ἀποφαινόμενοι,</span> <span class='ocrx_word' id='word_1_266' title='bbox 1343 3466 1397 3546; x_wconf 80' lang='grc' dir='ltr'>τὴν</span> <span class='ocrx_word' id='word_1_267' title='bbox 1415 3484 1448 3527; x_wconf 89' lang='grc' dir='ltr'>τε</span> 
     </span>
     <span class='ocr_line' id='line_1_29' title="bbox 378 3570 1449 3659; baseline -0.006 -22"><span class='ocrx_word' id='word_1_268' title='bbox 378 3575 555 3659; x_wconf 77' lang='grc' dir='ltr'>ἑδραστικὴν</span> <span class='ocrx_word' id='word_1_269' title='bbox 573 3577 626 3637; x_wconf 78' lang='grc' dir='ltr'>καὶ</span> <span class='ocrx_word' id='word_1_270' title='bbox 643 3576 696 3656; x_wconf 81' lang='grc' dir='ltr'>τὴν</span> <span class='ocrx_word' id='word_1_271' title='bbox 715 3571 902 3657; x_wconf 77' lang='grc' dir='ltr'>μεριστικήν·</span> <span class='ocrx_word' id='word_1_272' title='bbox 922 3573 975 3635; x_wconf 82' lang='grc' dir='ltr'>καὶ</span> <span class='ocrx_word' id='word_1_273' title='bbox 992 3572 1076 3634; x_wconf 72' lang='lat' dir='ltr'>aaut</span> <span class='ocrx_word' id='word_1_274' title='bbox 1095 3574 1149 3654; x_wconf 80' lang='grc' dir='ltr'>μἐν</span> <span class='ocrx_word' id='word_1_275' title='bbox 1168 3570 1285 3654; x_wconf 75' lang='grc' dir='ltr'>ἑδράζει</span> <span class='ocrx_word' id='word_1_276' title='bbox 1303 3571 1356 3632; x_wconf 84' lang='grc' dir='ltr'>καὶ</span> <span class='ocrx_word' id='word_1_277' title='bbox 1378 3591 1449 3652; x_wconf 82' lang='grc' dir='ltr'>στη-</span> 
     </span>
    </p>

    <p class='ocr_par' dir='ltr' id='par_1_6' title="bbox 376 3709 1448 4034">
     <span class='ocr_line' id='line_1_30' title="bbox 413 3709 1447 3785; baseline -0.006 -18"><span class='ocrx_word' id='word_1_278' title='bbox 413 3717 455 3785; x_wconf 88' lang='lat'>(1)</span> <span class='ocrx_word' id='word_1_279' title='bbox 475 3715 557 3784; x_wconf 83' lang='lat' dir='ltr'>Lege:</span> <span class='ocrx_word' id='word_1_280' title='bbox 586 3715 642 3767; x_wconf 88' lang='lat' dir='ltr'>Hoc</span> <span class='ocrx_word' id='word_1_281' title='bbox 660 3731 692 3766; x_wconf 87' lang='lat' dir='ltr'>ex</span> <span class='ocrx_word' id='word_1_282' title='bbox 710 3730 796 3784; x_wconf 87' lang='lat' dir='ltr'>graec.</span> <span class='ocrx_word' id='word_1_283' title='bbox 939 3723 1058 3781; x_wconf 86' lang='lat' dir='ltr'>separata</span> <span class='ocrx_word' id='word_1_284' title='bbox 1072 3723 1128 3764; x_wconf 86' lang='lat' dir='ltr'>erat</span> <span class='ocrx_word' id='word_1_285' title='bbox 1140 3723 1190 3764; x_wconf 87' lang='lat' dir='ltr'>etc.</span> <span class='ocrx_word' id='word_1_286' title='bbox 1223 3711 1308 3762; x_wconf 89' lang='lat' dir='ltr'>Locus</span> <span class='ocrx_word' id='word_1_287' title='bbox 1321 3709 1355 3761; x_wconf 86' lang='lat' dir='ltr'>ad</span> <span class='ocrx_word' id='word_1_288' title='bbox 1369 3725 1447 3778; x_wconf 90' lang='lat' dir='ltr'>quem</span> 
     </span>
     <span class='ocr_line' id='line_1_31' title="bbox 414 3793 1326 3866; baseline -0.004 -16"><span class='ocrx_word' id='word_1_289' title='bbox 414 3801 455 3866; x_wconf 75' lang='grc' dir='ltr'>(α)</span> <span class='ocrx_word' id='word_1_290' title='bbox 475 3798 528 3850; x_wconf 86' lang='lat' dir='ltr'>Csr.</span> <span class='ocrx_word' id='word_1_291' title='bbox 548 3797 599 3850; x_wconf 77' lang='lat' dir='ltr'>Ex.</span> <span class='ocrx_word' id='word_1_292' title='bbox 620 3797 692 3862; x_wconf 83' lang='lat' dir='ltr'>XIII,</span> <span class='ocrx_word' id='word_1_293' title='bbox 714 3811 738 3860; x_wconf 86' lang='lat'>2,</span> <span class='ocrx_word' id='word_1_294' title='bbox 758 3814 798 3866; x_wconf 86' lang='lat' dir='ltr'>ap.</span> <span class='ocrx_word' id='word_1_295' title='bbox 817 3796 884 3848; x_wconf 89' lang='lat' dir='ltr'>Luc.</span> <span class='ocrx_word' id='word_1_296' title='bbox 940 3797 1031 3849; x_wconf 87' lang='lat' dir='ltr'>alludit</span> <span class='ocrx_word' id='word_1_297' title='bbox 1050 3809 1089 3849; x_wconf 87' lang='lat' dir='ltr'>est</span> <span class='ocrx_word' id='word_1_298' title='bbox 1108 3813 1130 3849; x_wconf 93' lang='lat' dir='ltr'>c.</span> <span class='ocrx_word' id='word_1_299' title='bbox 1150 3795 1196 3859; x_wconf 87' lang='lat' dir='ltr'>IV,</span> <span class='ocrx_word' id='word_1_300' title='bbox 1214 3811 1232 3859; x_wconf 85' lang='lat'>4</span> <span class='ocrx_word' id='word_1_301' title='bbox 1251 3793 1326 3846; x_wconf 81' lang='lat' dir='ltr'>inira.</span> 
     </span>
     <span class='ocr_line' id='line_1_32' title="bbox 377 3877 1446 3953; baseline -0.006 -17"><span class='ocrx_word' id='word_1_302' title='bbox 377 3885 409 3948; x_wconf 88' lang='lat' dir='ltr'>ll,</span> <span class='ocrx_word' id='word_1_303' title='bbox 439 3899 481 3953; x_wconf 84' lang='lat'>23,</span> <span class='ocrx_word' id='word_1_304' title='bbox 508 3883 552 3936; x_wconf 90' lang='lat' dir='ltr'>ubi</span> <span class='ocrx_word' id='word_1_305' title='bbox 580 3895 670 3935; x_wconf 88' lang='lat' dir='ltr'>tamen</span> <span class='ocrx_word' id='word_1_306' title='bbox 699 3882 817 3952; x_wconf 83' lang='lat' dir='ltr'>aperiens</span> <span class='ocrx_word' id='word_1_307' title='bbox 846 3893 884 3934; x_wconf 88' lang='lat' dir='ltr'>est</span> <span class='ocrx_word' id='word_1_308' title='bbox 976 3883 1018 3948; x_wconf 72' lang='grc'>(4)</span> <span class='ocrx_word' id='word_1_309' title='bbox 1036 3880 1089 3932; x_wconf 89' lang='lat' dir='ltr'>Clr.</span> <span class='ocrx_word' id='word_1_310' title='bbox 1106 3878 1357 3950; x_wconf 86' lang='lat' dir='ltr'>resp.Col.Ill,11;</span> <span class='ocrx_word' id='word_1_311' title='bbox 1376 3877 1446 3931; x_wconf 75' lang='lat' dir='ltr'>Rota.</span> 
     </span>
     <span class='ocr_line' id='line_1_33' title="bbox 376 3961 1448 4034; baseline -0.006 -13"><span class='ocrx_word' id='word_1_312' title='bbox 376 3969 468 4022; x_wconf 83' lang='lat' dir='ltr'>foetus.</span> <span class='ocrx_word' id='word_1_313' title='bbox 938 3965 985 4030; x_wconf 90' lang='lat' dir='ltr'>XI,</span> <span class='ocrx_word' id='word_1_314' title='bbox 1001 3963 1048 4032; x_wconf 83' lang='lat'>363</span> <span class='ocrx_word' id='word_1_315' title='bbox 1065 3963 1118 4018; x_wconf 86' lang='lat' dir='ltr'>Col.</span> <span class='ocrx_word' id='word_1_316' title='bbox 1135 3964 1168 4029; x_wconf 93' lang='lat' dir='ltr'>II,</span> <span class='ocrx_word' id='word_1_317' title='bbox 1186 3979 1210 4032; x_wconf 81' lang='lat'>93</span> <span class='ocrx_word' id='word_1_318' title='bbox 1222 3961 1283 4034; x_wconf 80' lang='lat' dir='ltr'>Epir.</span> <span class='ocrx_word' id='word_1_319' title='bbox 1294 3963 1315 4028; x_wconf 94' lang='lat' dir='ltr'>I,</span> <span class='ocrx_word' id='word_1_320' title='bbox 1329 3977 1448 4033; x_wconf 83' lang='lat' dir='ltr'>10,qu</span> 
     </span>
    </p>
   </div>
   <div class='ocr_carea' id='block_1_3' title="bbox 411 4047 1448 4124">
    <p class='ocr_par' dir='ltr' id='par_1_7' title="bbox 411 4047 1448 4124">
     <span class='ocr_line' id='line_1_34' title="bbox 411 4047 1448 4124; baseline -0.007 -18"><span class='ocrx_word' id='word_1_321' title='bbox 411 4055 453 4123; x_wconf 84' lang='lat'>(3)</span> <span class='ocrx_word' id='word_1_322' title='bbox 472 4054 555 4123; x_wconf 84' lang='lat' dir='ltr'>Lege:</span> <span class='ocrx_word' id='word_1_323' title='bbox 584 4053 683 4124; x_wconf 86' lang='lat' dir='ltr'>aperuit</span> <span class='ocrx_word' id='word_1_324' title='bbox 711 4052 751 4121; x_wconf 93' lang='lat' dir='ltr'>[ut</span> <span class='ocrx_word' id='word_1_325' title='bbox 778 4051 884 4104; x_wconf 86' lang='lat' dir='ltr'>loecun·</span> <span class='ocrx_word' id='word_1_326' title='bbox 937 4049 980 4102; x_wconf 89' lang='lat' dir='ltr'>hic</span> <span class='ocrx_word' id='word_1_327' title='bbox 996 4048 1184 4120; x_wconf 83' lang='lat' dir='ltr'>aliquantisper</span> <span class='ocrx_word' id='word_1_328' title='bbox 1203 4049 1344 4100; x_wconf 86' lang='lat' dir='ltr'>immutata</span> <span class='ocrx_word' id='word_1_329' title='bbox 1361 4047 1448 4118; x_wconf 88' lang='lat' dir='ltr'>perhi-</span> 
     </span>
    </p>
   </div>
   <div class='ocr_carea' id='block_1_4' title="bbox 374 4135 1312 4295">
    <p class='ocr_par' dir='ltr' id='par_1_8' title="bbox 374 4135 1312 4295">
     <span class='ocr_line' id='line_1_35' title="bbox 375 4135 1039 4207; baseline -0.008 -16"><span class='ocrx_word' id='word_1_330' title='bbox 375 4139 449 4203; x_wconf 88' lang='lat' dir='ltr'>dans,</span> <span class='ocrx_word' id='word_1_331' title='bbox 465 4156 520 4191; x_wconf 90' lang='lat' dir='ltr'>non</span> <span class='ocrx_word' id='word_1_332' title='bbox 540 4152 569 4191; x_wconf 91' lang='lat' dir='ltr'>ut</span> <span class='ocrx_word' id='word_1_333' title='bbox 588 4137 684 4207; x_wconf 79' lang='lat' dir='ltr'>locrus]</span> <span class='ocrx_word' id='word_1_334' title='bbox 704 4137 811 4189; x_wconf 83' lang='lat' dir='ltr'>vulvam</span> <span class='ocrx_word' id='word_1_335' title='bbox 832 4136 883 4188; x_wconf 84' lang='lat' dir='ltr'>En·</span> <span class='ocrx_word' id='word_1_336' title='bbox 937 4135 1039 4187; x_wconf 89' lang='lat' dir='ltr'>bentur.</span> 
     </span>
     <span class='ocr_line' id='line_1_36' title="bbox 374 4217 1312 4295; baseline -0.007 -19"><span class='ocrx_word' id='word_1_337' title='bbox 374 4224 527 4295; x_wconf 79' lang='lat' dir='ltr'>tlrymeseos</span> <span class='ocrx_word' id='word_1_338' title='bbox 550 4221 672 4292; x_wconf 88' lang='lat' dir='ltr'>Sophiae,</span> <span class='ocrx_word' id='word_1_339' title='bbox 691 4237 757 4292; x_wconf 87' lang='lat' dir='ltr'>quae</span> <span class='ocrx_word' id='word_1_340' title='bbox 777 4220 881 4290; x_wconf 73' lang='lat' dir='ltr'>[Euan]</span> <span class='ocrx_word' id='word_1_341' title='bbox 974 4221 1015 4288; x_wconf 77' lang='grc' dir='ltr'>(ς)</span> <span class='ocrx_word' id='word_1_342' title='bbox 1035 4219 1126 4272; x_wconf 85' lang='lat' dir='ltr'>Lectio</span> <span class='ocrx_word' id='word_1_343' title='bbox 1145 4219 1220 4271; x_wconf 89' lang='lat' dir='ltr'>codd.</span> <span class='ocrx_word' id='word_1_344' title='bbox 1240 4217 1312 4271; x_wconf 85' lang='lat' dir='ltr'>Vatt.</span> 
     </span>
    </p>
   </div>
   <div class='ocr_carea' id='block_1_5' title="bbox 0 0 1620 5062">
    <p class='ocr_par' dir='ltr' id='par_1_9' title="bbox 0 0 1620 5062">
     <span class='ocr_line' id='line_1_37' title="bbox 0 0 1620 5062; baseline 0 3"><span class='ocrx_word' id='word_1_345' title='bbox 0 0 1620 5062; x_wconf 95' lang='lat' dir='ltr'> </span> 
     </span>
    </p>
   </div>
  </div>
 </body>
</html>
