3172 5044
165 421 199 489 (1,
223 421 275 490 2).]
596 425 686 474 tmen
710 427 823 472 neritus
957 385 959 390 ⁵
1200 411 1238 476 81

165 616 313 682 claratos.
359 615 529 681 Mittuntur
544 616 630 681 enim
648 615 700 682 alii
716 615 843 704 quidem
864 619 944 684 circa
963 619 1099 706 primam
1118 619 1242 700 horam,

165 721 217 786 alii
245 723 328 787 circa
358 723 493 801 tertiam,
516 721 570 786 alii
595 723 676 788 circa
701 739 832 802 sextam,
855 723 906 790 alii
931 725 1012 791 circa
1037 748 1166 807 nonam,
1190 725 1242 792 alii

164 829 248 894 circa
273 827 482 894 undecimam.
531 827 736 916 Compositae
759 830 853 918 igitur
876 830 1049 918 praedictae
1082 829 1177 898 horae
1209 834 1243 898 in

165 936 363 1022 semetipsas
375 935 502 1021 triginta
519 957 687 1002 numerum
703 934 884 1024 adimplent.
922 938 994 1004 Una
1010 939 1107 1018 enim,
1121 955 1152 1004 et
1167 955 1241 1018 tres,

164 1059 197 1107 et
222 1065 287 1120 sex,
311 1057 341 1106 et
360 1063 489 1122 novem,
513 1057 543 1108 et
570 1039 727 1124 undecim,
752 1043 878 1130 triginta
910 1042 998 1110 liunt.
1048 1045 1119 1110 .Per
1149 1044 1242 1111 horas

164 1163 274 1213 autem
299 1149 425 1213 Aeonas
454 1146 645 1214 manifestari
671 1148 799 1214 volunt:
829 1163 860 1215 et
883 1148 958 1215 haec
982 1173 1050 1216 esse
1075 1173 1188 1238 magna
1211 1168 1242 1217 et

165 1251 364 1320 admirabilia
386 1271 418 1320 et
446 1251 627 1320 abscondita
656 1255 817 1342 mysteria,
841 1278 919 1342 quae
948 1257 1008 1344 ipsi
1037 1255 1240 1324 fructificant:

165 1377 198 1426 et
214 1360 313 1426 sicubi
330 1359 404 1448 quid
420 1382 544 1443 eorum,
560 1384 639 1450 quae
654 1359 839 1428 dicuntur<¹l
855 1364 888 1428 in
903 1362 1082 1450 Scripturis,
1096 1379 1242 1450 poterunt

166 1465 324 1554 adaptare,
348 1482 379 1532 et
401 1467 574 1533 assimilare
597 1466 750 1556 figmento
775 1491 843 1534 suo.
872 1557 875 1564 Ι

238 1645 317 1712 Can.
331 1645 370 1726 II,
387 1666 413 1710 ι.
443 1643 549 1735 [WH.
567 1646 593 1726 I,
614 1645 658 1736 2].
697 1647 736 1712 Et
751 1647 956 1734 Propatorem
980 1645 1108 1735 quidem
1128 1670 1241 1714 eorum

166 1753 319 1842 cognosci
340 1752 399 1818 soli
417 1752 524 1819 dicunt
547 1754 586 1834 ei,
605 1756 659 1841 qui
678 1777 717 1819 ex
736 1777 774 1819 eo
793 1770 884 1821 natus
904 1770 960 1834 est,
978 1755 1162 1842 Monogeni,
1180 1755 1241 1822 hoc

166 1875 226 1938 est,
241 1859 311 1926 No:
331 1858 457 1948 reliquis
476 1882 553 1925 vero
576 1858 725 1926 omnibus
749 1857 938 1926 invisibilem
954 1877 986 1928 et
1001 1861 1242 1948 incompreben-

168 1964 294 2032 sibilem
318 1988 396 2032 esse.
443 1965 536 2032 Solus
560 1983 665 2032 autem
689 1967 770 2046 Nus,
787 1965 959 2033 secundum
984 1991 1049 2045 eoS,
1069 1965 1243 2034 delectaba-

168 2088 219 2138 tur
243 2071 354 2138 videns
377 2073 514 2153 Patrem,
534 2089 563 2138 et
588 2071 837 2162 magnitudinem
861 2074 1052 2139 immensam
1075 2075 1143 2140 eius
1166 2098 1243 2140 con-

169 2177 309 2246 siderans
333 2176 515 2262 exsultabat,
535 2196 565 2246 et
584 2181 780 2268 excogitabat
795 2180 922 2268 reliquis
938 2201 1064 2268 quoque
1080 2179 1241 2248 Aeonibus

168 2379 238 2434 τους
258 2359 377 2434 Αέῶνας
395 2358 603 2443 μεμηνῦσθαι·
650 2357 818 2443 πέμτσνιαι
837 2362 896 2444 γὰρ
914 2359 941 2423 οἱ
960 2362 1014 2443 μὲν
1033 2361 1100 2444 περὶ
1119 2359 1238 2445 πρώτην

171 2465 262 2549 ὥραν,
285 2463 313 2528 ol
335 2465 368 2526 δὲ
392 2467 460 2548 περὶ
480 2463 589 2550 τρίτην,
613 2464 641 2527 οἱ
663 2466 696 2528 δὲ
719 2467 786 2548 περὶ
809 2467 910 2549 ἕκτην,
930 2465 957 2528 oi
975 2467 1008 2529 δέ
1031 2469 1099 2550 περὶ
1122 2467 1239 2550 ὲνέτην,

169 2571 258 2636 ἄλλοι
269 2573 303 2635 δέ
314 2573 383 2655 περὶ
393 2570 571 2656 ἑνδεκάτην·
617 2570 826 2655 συντιθέμενον.
838 2573 891 2636 οὖν
901 2571 932 2635 αῖ
944 2572 1153 2658 προειρημέναι
1164 2576 1241 2657 ὧραι

171 2680 211 2754 εἰς
230 2679 333 2759 αὑτὰς,
352 2681 403 2741 τόν
421 2685 480 2742 τῶν
497 2678 655 2762 τριάκοντα
673 2679 802 2763 ἀριθμόν
824 2679 1047 2764 ἀναπληροῦσι·
1094 2680 1149 2764 μία
1171 2685 1240 2765 γὰρ,

170 2787 222 2848 καὶ
235 2794 323 2868 τρεῖς,
339 2786 391 2847 καὶ
406 2782 449 2864 ἒξ,
461 2787 513 2849 καὶ
527 2783 622 2867 ἐννέα,
634 2787 687 2848 καὶ
698 2784 816 2865 ἕνδεκα,
829 2783 988 2869 τριάκοντα
999 2785 1146 2869 γίνονται·
1193 2786 1241 2849 διὰ

171 2891 204 2955 δὲ
219 2901 277 2955 τῦν
292 2891 377 2976 ὡρῦιν
392 2894 461 2967 τοῦς
476 2890 595 2968 ntum
612 2892 803 2976 μεμηνῦσθαι
819 2891 955 2955 θέλουσι.
998 2891 1061 2956 Καὶ
1075 2891 1159 2957 ταῦτ’
1168 2894 1242 2956 εἶναι

170 3000 208 3061 τὰ
231 2996 352 3082 μεγάλα
374 2999 427 3062 καὶ
444 2997 610 3082 θαυμαστὰ
626 3000 679 3061 καὶ
696 2995 853 3082 ἀπόρρητα
872 2998 1029 3082 μυστήρια,
1048 3000 1068 3061 ἃ
1087 3019 1241 3083 καρτορο-

171 3113 273 3187 ροῦσιν
296 3106 390 3184 αὐτοὶ,
413 3106 466 3167 καὶ
488 3106 596 3168 εἵπου
618 3126 645 3168 τι
668 3115 727 3169 τῶν
749 3105 782 3168 έν
806 3105 919 3188 πλήθει
943 3103 1105 3189 εἰρημένων
1128 3107 1159 3170 ἐν
1178 3115 1242 3182 ταῖς

172 3211 306 3294 Γραφαῖς
321 3211 464 3295 δυνηθείη
476 3211 695 3297 προσαρμόσαι,
710 3214 762 3275 καὶ
781 3211 901 3275 εἰκάσαι
911 3220 953 3293 τῦ
966 3211 1120 3296 ιιλόισματι
1131 3215 1240 3276 αὐτῶν.

239 3387 279 3469 ΙΙ,
301 3407 327 3452 ι.
367 3385 428 3453 Τόν
442 3391 496 3472 μὲν
512 3389 563 3453 οὖν
578 3388 760 3473 Προπέτορα
774 3391 871 3452 αὐτῶν
882 3386 1088 3472 γινώσκεσθαι
1100 3385 1182 3473 μόνιμ
1194 3387 1242 3452 λέ-

172 3514 258 3575 γουσι
276 3500 319 3576 τῷ
337 3492 369 3570 ἐξ
385 3496 476 3557 αὐτοῦ
491 3491 627 3579 γεγονότι
646 3492 818 3578 Μονογενεῖ,
837 3492 972 3557 τουτέστι
991 3501 1032 3575 τῷ
1051 3492 1115 3577 Νῷ,
1133 3503 1192 3570 τοῖς
1208 3493 1241 3556 δὲ

172 3600 285 3676 λαποῑς
300 3609 391 3664 πᾶσιν
408 3600 536 3686 ἀόρατον
550 3603 603 3664 καὶ
622 3599 834 3684 ἀναστέληιττον
852 3599 1006 3685 ὑπάρχειν.
1054 3598 1153 3676 Μόνος
1171 3600 1205 3663 δὲ
1225 3599 1241 3662 ό

174 3705 254 3781 Νοῦς
268 3703 338 3770 κατ’
347 3708 453 3783 αὐτοὺς
468 3707 608 3793 έτέριτετσ
623 3707 748 3790 θεωρῶν
765 3709 815 3770 τόν
835 3705 967 3790 Πατέρα,
987 3709 1040 3770 καὶ
1057 3711 1091 3771 τό
1110 3705 1242 3790 μέγεθος

174 3814 208 3876 τό
226 3809 391 3898 ἀμέτρητον
410 3815 501 3877 atron
519 3822 674 3877 κατανοῶν
692 3812 861 3898 ηγάλλετο·
880 3816 934 3877 καὶ
951 3813 1090 3878 διενοεῖτο
1108 3815 1161 3876 καὶ
1182 3820 1243 3888 τοῖς

210 3981 251 4048 (ι)
262 3979 506 4034 «Ιηιιτυόιὶτιιάἰιιευ
518 3981 681 4052 [tration]
741 3981 928 4051 «Scripturisa
951 3993 1085 4045 occurrat;
1110 3980 1240 4048 intellige:

174 4061 272 4115 delevit
300 4061 411 4118 sortasse
440 4065 561 4118 incautus
589 4065 682 4132 scriba,
737 4065 862 4135 quidquid
878 4065 910 4118 de
929 4071 995 4118 certo
1014 4063 1184 4117 multitudine
1197 4064 1243 4114 ha·

174 4163 255 4217 quum
279 4163 385 4200 comma
414 4148 491 4202 initio
518 4149 604 4202 simile
626 4150 683 4204 rin
737 4149 967 4221 bentScripturae.
996 4146 1242 4212 Csr.c.18,l.ll,24.

247 4358 625 4416 mmmfflmt
1154 4343 1171 4394 6
