3288 5060
246 455 466 526 (V111,13-14).]
673 457 762 504 utum
786 458 900 506 suiuus
1252 454 1314 520 203

246 653 406 732 virtutem,
430 651 588 718 Ecclesiae
611 667 717 717 autem
741 651 850 718 locum
869 650 971 739 Virgo
990 647 1170 718 ostendit.(¹)
1215 649 1254 714 Et
1273 649 1318 714 sic

246 759 298 826 ille
315 759 369 847 qui
388 773 435 824 est
454 755 629 824 secundum
652 755 905 845 dispositionem,
921 779 975 844 per
995 756 1129 823 Mariam
1152 771 1319 844 generatur

247 864 327 953 apud
357 887 431 932 eum
455 862 565 944 hom0,
598 886 694 952 quem
724 864 815 930 Pater
847 864 993 930 omnium
1017 878 1229 929 transeuntem
1263 883 1318 949 per

246 971 419 1036 vulvaml²l
439 969 532 1058 elegit
555 991 609 1058 per
626 969 768 1035 Verbum
786 969 823 1036 ad
838 969 1033 1058 agnitionem
1056 991 1156 1035 suam.
1204 968 1316 1049 Quum

247 1094 352 1145 autent
375 1079 512 1144 venisset
535 1078 601 1164 ipse
631 1075 668 1143 ad
692 1099 817 1164 aquam,
844 1074 1041 1143 descendisse
1063 1076 1096 1142 in
1119 1097 1204 1156 eum,
1227 1075 1315 1162 quasi

246 1182 438 1264 columbam,
462 1206 536 1249 eum
564 1184 618 1271 qui
642 1184 772 1250 recurrit
803 1205 940 1264 sursum,
971 1198 1001 1249 et
1024 1182 1167 1271 implevit
1190 1202 1234 1248 xu
1257 1204 1316 1246 nu-

248 1291 431 1358 merum:(³l
443 1291 476 1356 in
494 1312 557 1380 quo
576 1291 675 1356 inerat
691 1312 799 1356 semen
816 1311 928 1356 eorum
946 1290 1000 1376 qui
1020 1289 1227 1356 conseminati
1243 1304 1316 1354 sunt

247 1419 320 1462 curn
336 1419 385 1477 e0,
400 1412 430 1462 et
446 1393 734 1462 condescenderunt
749 1411 780 1460 et
794 1394 1048 1462 coascenderunt.
1090 1393 1193 1481 Ipsam
1210 1409 1315 1458 autem

247 1503 395 1568 virtutem
414 1525 493 1590 quae
516 1501 686 1581 descendit,
706 1523 815 1568 semen
834 1500 909 1567 dicit
925 1524 993 1566 csse
1017 1500 1129 1582 Patris,
1148 1499 1265 1566 habens
1285 1501 1316 1565 in

246 1631 280 1675 se
302 1625 333 1675 et
356 1610 493 1689 Patrem,
513 1626 544 1674 et
569 1608 695 1689 Filium,
715 1624 745 1673 et
768 1630 838 1674 eam
862 1630 941 1697 quae
968 1629 1021 1694 per
1040 1629 1096 1672 eos
1116 1607 1318 1694 cognoscitur

246 1714 480 1782 innominabilis
500 1715 599 1780 virtus
616 1715 716 1802 Siges,
733 1731 763 1780 et
782 1737 895 1780 omnes
911 1716 1047 1781 Aeonas.
1090 1713 1129 1779 Et
1148 1713 1231 1779 hunc
1248 1735 1318 1778 esse

246 1823 396 1909 Spiritum
419 1823 474 1909 qui
493 1823 642 1910 loquutus
661 1838 707 1888 est
727 1844 781 1909 per
800 1844 838 1888 os
857 1821 938 1902 Iesu,
958 1823 1012 1910 qui
1031 1844 1066 1888 se
1082 1819 1245 1887 confessus
1269 1836 1316 1885 est

248 1928 362 1995 Filium
380 1928 529 2010 hominis,
545 1945 576 1995 et
595 1928 806 1995 manifestavit
823 1930 962 2008 Patreni;
978 1927 1170 1995 descendens
1188 1925 1313 2016 quidem

246 2162 373 2248 κλησὶας
394 2159 486 2228 τόπον
509 2163 529 2246 ἡ
553 2161 712 2246 Παρδὲνος
735 2160 893 2238 ἐπέδειξεν.
941 2160 1045 2238 Οὕτως
1066 2183 1099 2226 τε
1118 2161 1135 2225 ὁ
1154 2157 1223 2224 κατ’
1235 2159 1315 2225 οἰκο-

246 2267 349 2352 νομίαν
367 2268 416 2332 διὰ
433 2277 486 2352 τῆς
505 2266 621 2352 Μαρίας
638 2277 890 2351 γενεσιουργεῖται
908 2264 980 2351 παρ’
993 2267 1072 2348 αὐτῷ
1091 2266 1261 2351 ἄνθρωπος,
1281 2266 1314 2330 δν
1371 2261 1378 2278 ’

245 2373 263 2437 δ
286 2373 392 2458 Πατὴρ
414 2381 472 2437 τῶν
496 2374 574 2437 δλων
592 2370 753 2437 διελθόντα
771 2373 820 2436 διὰ
839 2373 951 2457 μήτρας
969 2370 1126 2450 ἐξελέξατο
1144 2372 1192 2435 διὰ
1211 2368 1315 2455 Λόγου

245 2480 287 2556 εἰς
309 2479 467 2565 ἐπίγνωσιν
485 2482 586 2544 αὐτοῦ.
634 2477 802 2556 ’Elatum
825 2480 858 2543 δὲ
877 2481 969 2544 αὐτοῦ
988 2481 1030 2555 εἰς
1048 2483 1082 2544 τδ
1101 2480 1189 2565 ὕδωρ,
1209 2479 1315 2544 κατελ-

246 2587 312 2650 θεῖν
333 2587 376 2662 εἰς
397 2587 487 2650 αὐτὸν
510 2585 550 2664 ως
573 2589 749 2671 περιστερὰν
772 2591 822 2650 τὸν
845 2583 1055 2672 ἀναδραμόντα
1077 2588 1150 2668 ἄνω,
1169 2590 1222 2650 καὶ
1241 2586 1315 2669 πλη-

246 2691 382 2778 ρίισαντα
404 2698 455 2758 τὸν
478 2693 648 2758 δωδέκατον
663 2689 812 2778 ἀριθμόν·
829 2694 862 2757 ἐν
877 2695 901 2778 ᾧ
917 2693 1047 2778 ὑπάρχει
1062 2697 1096 2758 τὸ
1112 2693 1234 2779 σπέρμα
1248 2697 1316 2757 τοὺ-

245 2821 304 2864 των
325 2809 386 2863 τῶν
408 2799 619 2885 συσπκρὲντων
641 2802 733 2883 αὐτῷ,
756 2801 809 2864 καὶ
831 2799 1094 2887 συγκαταβάντων,
1118 2803 1170 2864 καὶ
1188 2823 1315 2864 συνανα-

247 2905 368 2992 βίινιων.
415 2909 517 2990 Αὐτὴν
540 2907 573 2970 δὲ
588 2909 641 2990 τὴν
657 2905 779 2991 δύναμιν
794 2908 848 2990 τὴν
863 2907 1076 2972 masalmam
1090 2907 1211 2992 σπέρμα
1226 2909 1316 2992 φησὶν

245 3015 320 3079 εἶναι
337 3023 390 3078 τοῦ
409 3014 538 3097 Πατρδς,
557 3016 629 3099 ἔχον
648 3013 679 3077 ἐν
698 3013 796 3097 ἐαυτῷ
813 3015 934 3078 καὶτὸν
953 3012 1076 3097 Πατέρα
1094 3015 1214 3078 καὶτὸν
1234 3014 1313 3097 ritu,

245 3119 299 3200 τήν
314 3140 346 3182 τε
361 3118 411 3182 διὰ
424 3119 536 3184 τοΰτων
551 3117 773 3203 γινωσκομένην
784 3115 995 3202 ἀνωνόμαστον
1010 3117 1131 3202 δῦναμιν
1145 3127 1199 3202 τῆς
1210 3117 1312 3202 Σιγῆς,

245 3228 388 3302 καὶτοὺς
410 3229 543 3302 ἅπαντας
567 3225 695 3302 Αἰῶνας.
742 3223 805 3289 Καὶ
820 3225 900 3289 τοῦτ’
917 3225 990 3289 εἶναι
1009 3228 1042 3290 τὸ
1061 3235 1179 3310 ιονεῡμα
1202 3229 1236 3289 rb
1258 3224 1311 3289 λα-

246 3331 342 3417 λησαν
360 3333 408 3396 διὰ
426 3340 480 3396 τοῦ
498 3331 646 3415 στόματος
664 3341 717 3396 τοῦ
737 3329 850 3416 Ἰησοῦ,
873 3336 907 3395 τὸ
923 3331 1117 3416 ὁμολογῆσαν
1135 3331 1225 3398 ἑαυτὸ
1244 3331 1313 3403 Υἱδν

245 3438 418 3525 ὤνθρωποι»,
440 3441 494 3502 καὶ
515 3445 691 3524 ρανερῶσαν
714 3442 764 3502 τὸν
788 3437 922 3524 Πατέρα,
945 3439 1098 3504 metum
1121 3441 1176 3524 μὲν
1198 3441 1241 3516 εἰς
1262 3443 1313 3503 τδν

282 3675 326 3746 (ι)
339 3673 395 3728 Cir.
414 3674 481 3728 Lus.
500 3674 522 3739 Ι,
544 3689 584 3743 35.
807 3676 959 3744 οἰκονομίας
977 3680 1078 3749 Σωτήρ.

283 3761 326 3828 (2)
343 3757 397 3812 cfr.
414 3759 431 3812 l.
447 3759 493 3824 lll,
512 3774 570 3824 xV1,
587 3777 596 3813 1
610 3761 654 3814 vel
672 3760 753 3813 etiam
844 3761 885 3828 (ι)
899 3759 954 3827 Qui
964 3760 1087 3814 descendit
1101 3768 1124 3814 a!
1135 3761 1245 3815 ascendit
1256 3760 1314 3831 [cfr.

246 3859 333 3914 supra,
352 3842 411 3908 Vll,
432 3857 492 3912 3·4,
507 3860 567 3896 curn
583 3861 636 3914 quo
651 3844 754 3914 integra
807 3842 887 3896 Ioau.
901 3843 946 3907 lll,
963 3858 1003 3911 13,
1016 3844 1048 3896 ad
1062 3861 1141 3914 quent
1157 3846 1254 3916 absque
1267 3845 1314 3897 du·

247 3929 311 3982 baec
338 3927 469 3999 expositio
500 3927 614 3982 conserti
648 3940 751 3999 potest:
807 3929 851 3982 bio
867 3929 970 3981 Marcus
988 3928 1212 4000 respicit-XII
1229 3947 1314 3982 trume-

247 4013 379 4084 utrimque
393 4011 514 4084 Spiritus,
527 4013 633 4084 eiusque
647 4013 754 4084 illapsus
807 4013 876 4082 tuin]
897 4014 1010 4067 habebas
1034 4014 1106 4067 enim
1126 4014 1256 4084 duplicem
1275 4026 1314 4068 te·

246 4099 288 4166 (ut
307 4097 444 4165 columba)
461 4097 489 4149 in
510 4097 607 4162 lesum,
622 4098 754 4168 utrimque
806 4098 910 4151 tradem
938 4097 1030 4168 hisque
1058 4098 1161 4152 additos
1191 4097 1314 4162 Mariam,

246 4180 368 4234 Christus
389 4180 537 4252 psychicus,
557 4192 636 4252 atque
654 4185 687 4234 ἐκ
706 4188 753 4249 τῆς
808 4181 924 4246 Patrem,
942 4181 1038 4247 lesum,
1056 4181 1192 4253 Spiritum.
