3172 5044
347 403 389 470 72
637 404 763 450 lRENAEl
787 404 947 450 ADVERSUS
970 403 1125 450 HAERESES

347 600 507 666 constituit
523 615 553 666 et
568 597 739 679 ordinavit;
755 601 843 688 quasi
859 599 950 664 altius
966 598 1081 686 aliquid
1098 614 1128 664 et
1142 597 1284 663 maiusl¹l
1300 595 1423 663 haben-

338 725 393 802 ·tes
416 705 591 786 ostendere,
614 728 709 792 quarn
733 728 817 788 eum,
840 707 894 793 qui
918 705 1043 771 coelum
1062 721 1092 770 et
1110 721 1238 784 terram,
1254 721 1284 768 et
1308 705 1421 769 omnia

346 836 424 900 quae
448 813 549 878 ineis
573 828 655 892 sunt,
680 810 769 891 fecit;
801 809 965 878 suadenter
987 807 1114 898 quidem
1138 810 1182 876 illi
1206 809 1336 876 illiciunt
1362 831 1422 896 per

348 917 517 985 verborum
541 935 639 984 artem
667 918 874 1006 simpliciores
898 917 934 984 ad
960 917 1135 1005 requirendi
1165 917 1309 996 modum,
1333 917 1422 983 male

347 1043 452 1092 autem
471 1024 603 1113 perdunt
619 1047 685 1105 eos
704 1025 736 1090 in
751 1047 790 1090 eo
804 1021 888 1111 quod
906 1021 1120 1111 blasphemam
1137 1039 1168 1088 et
1183 1024 1313 1110 impiam
1330 1024 1423 1110 ipso-

348 1153 418 1195 rum
439 1129 624 1194 sententiam
649 1127 762 1193 faciant
779 1129 811 1194 in
831 1127 1073 1207 Fabricatorem‚
1089 1148 1154 1192 non
1168 1125 1345 1192 discernere
1362 1150 1424 1192 va-

348 1237 479 1303 lentium
504 1233 618 1300 falsum
643 1258 659 1300 a
683 1256 770 1300 uero.

417 1362 445 1407 2.
475 1343 570 1408 Error
595 1342 681 1407 enirn
708 1340 880 1407 secundum
911 1342 1115 1428 semetipsum
1141 1363 1204 1406 non
1231 1340 1423 1420 ostenditur,

349 1473 387 1515 ne
406 1448 579 1516 denudatus
603 1446 655 1513 liat
678 1445 985 1534 comprehensibilis;
1010 1447 1152 1512 suasorio
1175 1463 1280 1512 autem
1301 1469 1423 1532 coope-

349 1557 485 1622 rimento
509 1554 638 1622 subdole
663 1553 842 1634 adornatus
857 1570 888 1619 et
910 1555 976 1641 ipsa
1003 1555 1131 1619 veritate
1158 1553 1340 1642 (ridiculum
1370 1571 1422 1618 est

349 1678 379 1728 et
401 1661 522 1750 dicere)
547 1661 702 1726 veriorem
726 1661 930 1746 semetipsum
954 1675 1097 1748 praestat,
1122 1676 1154 1724 ut
1177 1658 1308 1748 decipiat
1332 1674 1423 1724 eate-

348 1768 424 1834 riori
437 1767 651 1854 phantasmate
664 1766 820 1845 rudiores;
836 1763 1132 1853 quernadmoduma
1146 1765 1275 1830 meliore
1288 1762 1425 1830 rrobis(²)

349 1872 468 1940 dictum
482 1888 528 1938 est
540 1871 578 1940 de
594 1872 793 1938 huiusmodi:
811 1873 976 1954 Quoniam
993 1871 1127 1958 lapidem
1144 1873 1316 1960 pretiosum
1334 1895 1425 1936 sma-

349 2089 383 2150 το
402 2097 461 2149 πᾶν
480 2085 708 2170 συστησαμένου
726 2089 778 2148 καὶ
802 2081 1039 2168 κεκοσμηκότος,
1059 2083 1099 2160 ὡς
1118 2080 1302 2168 ὑψηλότερίν
1320 2106 1348 2147 τι
1367 2086 1426 2146 καὶ

350 2193 454 2278 μεῖζον
469 2193 591 2278 ἔχοντες
606 2191 747 2268 ἐπιδεῖξαι
764 2201 815 2254 τοῦ
831 2195 881 2254 τὸν
897 2193 1020 2274 οὐρανὸν
1032 2193 1085 2254 καί
1099 2192 1153 2274 τὴν
1173 2200 1229 2275 γῆν
1248 2194 1301 2254 καὶ
1320 2191 1427 2254 aalma

350 2302 388 2362 τΙι
410 2299 441 2362 έν
465 2300 563 2374 αὐτοῖς
587 2295 785 2382 πεποιηκότος
808 2295 905 2362 Θεοῦ·
931 2298 1065 2372 πιθανῶς
1087 2298 1142 2380 μὲν
1166 2296 1347 2380 ἐπαγόμενοι
1371 2296 1426 2358 διὰ

350 2406 448 2490 λόγων
460 2405 569 2490 τέχνης
580 2409 648 2480 τοὺς
660 2404 818 2489 ἀκεραίους
829 2405 871 2480 είς
882 2407 932 2468 τον
948 2413 999 2466 τοῡ
1015 2405 1114 2487 ζητεῖν
1130 2404 1250 2488 τρόπον,
1263 2403 1423 2478 ἀπιθάνους

351 2513 384 2576 δὲ
407 2512 590 2587 ἀπολλύντες
612 2514 720 2587 αὐτοῦς
744 2512 774 2574 έν
798 2519 839 2594 τῷ
859 2510 1034 2596 βλάσφημον
1053 2514 1105 2574 καὶ
1121 2510 1215 2596 ἀσεβῆ
1229 2513 1282 2593 τὴν
1299 2509 1424 2594 γνώμην

351 2622 448 2684 αὐτῶν
472 2619 707 2697 κατασκευάζειν
731 2619 772 2693 εἰς
794 2621 844 2681 τὸν
868 2618 1064 2702 Δημιουργὸν,
1089 2620 1131 2701 μη
1154 2616 1310 2700 διακρίνειν
1334 2617 1422 2679 δυνα-

353 2724 448 2811 μένων
471 2727 505 2788 τὸ
528 2725 635 2807 ψεῦδος
657 2726 719 2787 ἀπὸ
742 2731 794 2786 τοῦ
817 2723 963 2806 ἀληθοῦς.

421 2852 450 2898 2.
471 2832 512 2897 ‘H
531 2835 590 2917 γὰρ
609 2832 707 2916 πλίινη
726 2854 779 2894 και
794 2830 801 2860 ’
815 2831 924 2914 ἑαυτην
943 2833 998 2913 μὲν
1017 2831 1073 2893 οὐκ
1091 2828 1299 2908 ἐπιδείκνυται,
1313 2831 1362 2892 ἵνα
1381 2834 1423 2914 μὴ

352 2941 546 3026 γυμνωθεῖσα
570 2939 691 3024 γένηται
717 2937 911 3022 κατάφυρος·
938 2937 1058 3018 πιθανῷ
1081 2936 1114 2999 δὲ
1142 2935 1340 3022 περιβλήματι
1366 2959 1423 3000 πα-

353 3051 483 3134 νούργως
513 3046 717 3132 κοσμουμένη,
746 3048 799 3109 καὶ
828 3047 920 3130 αὐτῆς
951 3056 1002 3130 τῆς
1032 3043 1180 3128 ἀληθείας
1211 3043 1424 3129 ἀληθεστέραν

354 3156 462 3240 ἑαυτὴν
478 3156 605 3238 παρέχει
627 3153 788 3237 φαίνεσθαι
811 3153 859 3216 διὰ
878 3163 931 3237 τῆς
949 3150 1063 3228 ἔξωθεν
1078 3149 1243 3234 φαντασίας
1257 3161 1318 3226 τοῖς
1336 3152 1425 3214 ἀπει·

355 3261 499 3348 ροτέροις·
524 3263 631 3338 καθὼς
647 3263 704 3325 ὑπὸ
720 3271 772 3325 τοῦ
787 3259 953 3344 κρείττονος
967 3258 1052 3342 ἡμῶν
1066 3259 1179 3342 εἴρηται
1193 3259 1242 3320 ἐπὶ
1257 3269 1313 3320 τῶν
1330 3259 1422 3322 τοιού-

392 3460 432 3522 (ι)
451 3458 467 3508 l.
483 3475 505 3509 e.
521 3457 622 3527 Bythos
636 3457 718 3526 quiet
732 3455 860 3508 Proarche
951 3453 993 3519 (2)
1013 3453 1037 3504 A
1057 3453 1166 3506 meliore
1185 3453 1274 3506 nobis:
1289 3453 1355 3506 haec
1372 3452 1423 3505 sor·

356 3555 380 3594 et
407 3541 542 3610 Propator,
564 3541 642 3610 longe
666 3540 792 3592 Creatore
815 3555 860 3590 seu
915 3538 988 3590 mula
1001 3537 1111 3590 recurrit
1135 3557 1159 3592 v.
1178 3555 1205 3608 g.
1229 3538 1250 3601 l,
1270 3553 1310 3606 ις,
1336 3552 1359 3605 3,
1379 3537 1424 3590 fin.

357 3626 502 3692 Demimgo
530 3625 658 3677 excelsior
681 3623 737 3692 [cfr.
752 3623 771 3684 l,
787 3638 824 3687 tv,
839 3637 860 3688 5,
916 3621 962 3687 ΙΙΙ,
982 3637 1021 3688 17,
1036 3636 1052 3686 4
1070 3621 1156 3694 <idem
1179 3623 1283 3675 videtur
1302 3639 1361 3675 esse
1380 3625 1422 3692 qui

357 3711 433 3777 notl.
462 3708 861 3778 (Εἰςὲτιὶοειξιν,599;«ηυὶεἰυὶ
915 3708 943 3759 in
962 3707 1082 3760 Marcum
1100 3709 1221 3761 invectus
1237 3721 1276 3762 est
1289 3709 1309 3774 l,
1330 3725 1369 3776 ις,
1386 3707 1425 3778 6.)

359 3815 371 3842 a
380 3793 534 3862 conlingmrt
552 3794 655 3845 Patrem
676 3805 766 3845 nostro
782 3793 861 3845 Crea·
915 3791 1051 3845 Sententia
1062 3809 1134 3857 vero,
1144 3793 1177 3846 ab
1187 3793 1294 3862 interpr.
1306 3811 1425 3863 pessum-

360 3892 437 3931 «tore
455 3879 636 3940 excelsiorem,
656 3895 708 3947 quo
728 3889 820 3946 putant
836 3891 861 3930 et
916 3877 976 3929 data
992 3877 1091 3929 restitui
1108 3889 1203 3946 potest:
1228 3897 1241 3925 ιι
1254 3877 1347 3948 Lapidi
1368 3897 1425 3949 pre-

359 3983 371 4011 a
380 3963 440 4032 quid
449 3963 799 4014 veritatemaiusinvenisse:
813 3962 861 4013 im·
920 3981 933 4008 a
946 3960 1014 4012 tioso
1030 3962 1213 4029 smaragdo...
1235 3961 1333 4013 vitrum
1348 3963 1427 4016 dede—

357 4046 415 4115 «pii
435 4058 460 4098 et
483 4046 629 4114 blasphemi
654 4045 680 4096 in
707 4045 810 4096 Patrem
836 4057 861 4096 et
920 4061 991 4096 acus
1012 4045 1088 4096 inl'ert
1108 4046 1130 4096 ei
1152 4061 1196 4115 per
1215 4057 1300 4098 artem
1322 4049 1429 4102 assimi-

359 4129 534 4182 «Creatorem
554 4147 629 4180 suum
641 4138 677 4194 a).
921 4149 934 4176 a
947 4129 1029 4180 lutum
1046 4150 1071 4180 a.
