3238 5090
189 483 437 554 (xxv-xxv11).]
583 485 673 532 ursan
695 484 861 532 sscuuous
1192 469 1255 554 389

190 684 322 748 ritatem.
369 680 437 748 Nec
460 680 545 746 enim
569 679 638 768 ipsi,
661 701 759 768 quum
784 680 846 745 sint
869 679 1026 762 homines,
1045 681 1256 769 excogitantes

189 789 227 856 de
246 811 285 855 eo
300 789 354 876 qui
370 802 441 853 ante
458 788 545 875 ipsos
560 801 618 868 est,
638 803 668 852 et
684 785 770 852 velut
785 787 847 852 iam
869 786 1172 875 comprehendentes
1188 811 1259 876 per-

189 895 318 976 fectum,
343 910 373 960 et
395 895 476 959 intra
500 894 568 960 eius
598 892 760 959 constituti
783 893 988 980 agnitionem,
1011 892 1119 961 dicunt
1143 912 1259 962 semet-

189 1003 274 1090 ipsos
293 1001 428 1086 (nonin)
450 1001 484 1066 in
513 1001 658 1088 passione
686 999 947 1066 consternationis
974 1021 1053 1081 esse,
1078 1000 1132 1067 sed
1155 1002 1258 1090 magis

190 1110 221 1174 in
237 1108 396 1197 agnitione
411 1122 441 1173 et
457 1103 704 1194 apprehensione
722 1106 871 1172 veritatis.
906 1105 1032 1172 Etenim
1049 1106 1256 1190 salvatorem,

195 1216 384 1296 «Quaerite,
404 1229 435 1280 et
458 1213 623 1279 invenietis
636 1238 667 1291 »‚
683 1211 843 1299 discipulis
861 1227 988 1300 propter
1003 1212 1064 1279 hoc
1079 1211 1195 1280 dixisse
1210 1213 1257 1280 di-

189 1338 274 1402 cunt,
294 1336 327 1386 ut
345 1343 430 1398 eum,
442 1321 495 1408 qui
507 1317 546 1386 ab
562 1320 637 1407 ipsis
649 1341 703 1406 per
719 1319 982 1406 excogitationem
998 1317 1089 1385 fictus
1105 1335 1152 1386 est
1163 1343 1257 1409 super

190 1427 408 1494 fabricatorem
428 1428 585 1508 omniurn,
608 1423 846 1491 inenarrabilem
874 1424 1013 1513 Bythum
1036 1443 1201 1514 quaerant:
1226 1444 1256 1492 et

190 1535 375 1622 semetipsos
398 1532 554 1621 perfectos
577 1553 646 1598 esse
667 1531 791 1611 volunt,
814 1531 964 1619 quoniam
995 1533 1186 1620 inquirentes
1209 1533 1257 1598 in-

190 1656 343 1707 venerunt
366 1637 551 1728 perlectum,
569 1661 669 1726 quum
688 1637 789 1704 adhuc
809 1640 873 1704 sint
891 1640 924 1705 in
942 1654 1038 1707 terra:
1057 1662 1131 1706 eum
1150 1655 1255 1707 autem

190 1747 243 1833 qui
268 1747 347 1812 intra
370 1745 517 1812 Pleroma
541 1745 580 1810 sit
603 1746 758 1826 Aeonem,
777 1761 881 1810 totum
905 1744 1087 1832 spiritalem,
1106 1767 1257 1832 quaeren-

191 1869 255 1918 tem
273 1853 491 1940 Propatorem,
505 1868 536 1917 et
551 1853 631 1916 intra
648 1834 897 1938 magnitudinem
913 1853 979 1918 eius
996 1869 1163 1919 conantem
1179 1852 1257 1936 fieri,

190 1976 220 2023 et
240 1957 555 2045 comprehensionem
573 1973 718 2045 paternae
740 1959 880 2024 veritatis
902 1962 1178 2048 concupiscentem
1203 1960 1259 2052 ha-

191 2063 273 2146 bere,
299 2066 331 2131 in
357 2065 537 2152 passionem
563 2062 671 2130 dicunt
697 2063 861 2131 recidisse:
890 2080 921 2132 et
948 2066 1127 2152 passionem
1151 2067 1257 2148 talem,

189 2189 223 2238 ut
241 2172 301 2238 nisi
320 2172 348 2237 ei
367 2172 555 2237 occurrisset
579 2171 697 2250 virtuti,
715 2191 794 2259 quae
817 2169 925 2238 omnia
947 2169 1062 2255 firmat,
1086 2172 1257 2240 dissolutus

189 2277 298 2344 fuisset
321 2279 354 2344 in
377 2277 556 2344 universam
580 2274 796 2358 substantiam,
820 2294 850 2344 et
874 2280 1146 2345 exterminatus.(²)

256 2403 286 2470 7.
300 2383 407 2474 [WH.
421 2379 484 2449 XX
492 2381 579 2473 Vll]¹
622 2383 786 2466 Quourau
804 2404 873 2449 nou
893 2404 988 2450 canu
1000 2387 1142 2452 Auouau
1158 2407 1257 2454 ruma

192 2490 347 2556 Pannona
367 2507 560 2556 aestuentuu
581 2509 734 2555 Pass1ou13
754 2509 942 2556 pertentasse.
978 2491 1102 2556 Vesana
1118 2509 1165 2557 est
1181 2491 1256 2558 haec

189 2597 413 2683 praesumptio
431 2611 462 2662 et
484 2617 558 2660 vere
581 2594 803 2662 destitutorum
826 2619 843 2661 a
866 2597 996 2663 veritate
1018 2619 1128 2663 sensus
1152 2596 1257 2664 homi-

188 2725 277 2767 num.
324 2702 489 2782 Quoniam
512 2701 598 2766 enim
622 2703 713 2766 Aeon
737 2699 787 2766 hic
812 2699 924 2766 melior
948 2717 995 2768 est
1017 2723 1113 2788 quam
1136 2703 1207 2790 ipsi,
1226 2721 1257 2770 et

188 2809 352 2888 vetustior,
369 2808 426 2894 ipsi
441 2829 566 2895 quoque
590 2805 779 2873 confitentur
802 2805 975 2873 secundum
994 2831 1084 2874 suam
1104 2809 1257 2897 regulam,

189 2915 327 2982 dicentes
346 2937 379 2979 se
395 2937 463 2979 esse
483 2930 670 3001 conceptum
682 2915 715 2967 (ἲ)
738 2913 970 3002 Enthymeseos
986 2917 1053 2982 eius
1068 2917 1188 2982 Aeonis
1203 2918 1257 3004 qui

189 3043 298 3107 passus
317 3037 380 3087 est:
400 3021 441 3086 ita
460 3037 494 3085 ut
514 3022 554 3085 sit
574 3020 624 3086 hic
643 3021 735 3086 Aeon
754 3022 864 3088 matris
887 3022 1029 3109 ipsorum
1048 3040 1145 3110 pater,
1161 3022 1192 3089 id
1211 3040 1257 3090 est

190 3150 267 3191 avus
290 3127 443 3214 ipsorum.
490 3127 528 3193 Et
552 3125 776 3214 posterioribus
801 3126 928 3215 quidem
957 3128 1121 3215 nepotibus
1150 3131 1258 3218 exqui-

190 3234 261 3300 sitio
286 3234 386 3300 Patris
409 3236 585 3316 veritatem,
608 3252 638 3303 et
658 3234 894 3322 perfectionem,
916 3253 948 3302 et
970 3235 1257 3319 confirmationem,

190 3359 220 3407 et
243 3343 465 3430 eliquationem
489 3365 506 3408 a
528 3341 659 3408 fluxibili
684 3345 814 3410 materia
824 3343 858 3396 (⁴)
880 3343 963 3426 facit,
988 3346 1067 3410 sicut
1090 3343 1208 3427 dicunt,
1227 3361 1257 3410 et

227 3539 268 3606 (1)
287 3536 397 3591 Graece:
413 3541 482 3592 Οὐδὲ
499 3541 552 3605 γὰρ
569 3542 697 3602 αὐτοι...
749 3554 777 3602 v,
797 3538 813 3592 6
831 3541 869 3610 (p.
889 3541 966 3607 112);
989 3539 1081 3610 «quod
1100 3539 1257 3610 semetipsos

190 3629 269 3690 panis
284 3626 380 3687 αὐτοὺς
392 3627 427 3691 μὴ
441 3625 470 3675 dv
482 3627 608 3677 πάθει...
622 3627 697 3690 εἰναι,
753 3641 833 3676 «esse
852 3625 967 3677 volunta
990 3627 1028 3694 (p.
1053 3623 1122 3692 116).

190 3709 408 3773 μᾶλλονῦὶκτλ.
444 3707 482 3761 lbi
501 3713 537 3775 μὴ
556 3709 697 3778 apponitur
786 3710 827 3776 (4)
846 3708 896 3762 Seu
927 3709 960 3762 ab
990 3710 1124 3762 elemento
1154 3708 1257 3774 choico,

190 3792 223 3844 ad
246 3792 441 3862 oppositionem
466 3793 597 3845 secundae
614 3792 697 3863 partis
750 3794 819 3863 quod
831 3804 871 3845 est
887 3813 901 3842 «
911 3794 944 3846 ab
956 3791 1050 3846 effusili
1064 3805 1090 3846 ct
1105 3791 1185 3846 liuida
1201 3810 1257 3845 ma-

189 3873 350 3929 efferendam
360 3893 365 3928 :
375 3876 421 3928 sed
434 3876 515 3929 latine
528 3887 697 3946 praetereun-
753 3895 766 3925 a
776 3875 865 3929 teria»
878 3879 932 3928 ἀπὸ
944 3883 991 3928 τοῦ
1001 3877 1111 3942 haaron
1120 3882 1168 3943 τῆς
1179 3877 1257 3943 ulna:

190 3959 253 4012 dum
272 3971 337 4012 erat.
750 3959 1109 4031 cfr.1,v,5(p.1rr-112).
1147 3959 1189 4012 Ab
1208 3961 1258 4012 hac

226 4045 266 4112 (a)
287 4043 348 4108 l‚u,
363 4045 426 4114 2(p.
443 4043 499 4109 84),
519 4043 584 4097 haec
602 4059 697 4115 graece
751 4043 893 4098 Gnosticos
925 4043 1042 4114 separari
1075 4059 1121 4114 per
1151 4044 1258 4114 gnosim

190 4129 247 4198 plus
267 4129 389 4182 minusve
408 4140 536 4198 prostant.
750 4129 848 4200 pluries
863 4127 942 4181 dixit:
958 4127 1256 4198 cfr.l‚vr1,1(p.121);

225 4212 267 4282 (3)
287 4217 378 4281 κύημα
406 4214 559 4268 Achamoth
586 4214 653 4268 dixit
676 4215 698 4280 l,
751 4213 772 4277 l,
791 4225 859 4276 xxx,
883 4225 922 4276 12,
944 4223 1045 4277 r4etc.

262 4425 316 4468 aru.
330 4425 398 4468 saun.
411 4425 468 4466 aaa.
483 4426 536 4479 (sa.
553 4426 584 4478 u)
599 4425 638 4467 ur.
1152 4405 1187 4459 25
