3274 5100
336 438 401 520 284
580 455 707 500 insuam
723 456 884 501 aurursus
899 455 1055 502 naereses
1100 453 1402 522 [xx1x,4-xxx‚1-2

334 649 445 716 fecisse
468 647 704 715 firmamentum
728 649 818 727 coeli,
842 649 874 715 in
897 672 961 738 quo
984 665 1015 714 et
1034 645 1171 714 habitare
1188 646 1297 714 dieunt
1316 671 1402 713 eum.

333 757 372 823 Et
394 779 494 844 quum
518 758 557 823 sit
581 756 766 844 ignorantia,
791 755 900 823 fecisse
924 779 975 822 eas
991 779 1069 843 quae
1094 771 1167 820 sunt
1195 752 1254 820 sub
1284 777 1322 820 eo
1345 777 1405 841 po-

333 879 469 944 testates
482 879 513 929 et
524 863 665 951 angelos,
677 879 707 928 et
722 861 931 944 firmamenta,
946 879 976 928 et
991 879 1113 929 terrena
1132 863 1250 928 omnia.
1280 859 1404 928 Deinde

334 968 442 1036 dicunt
464 968 628 1036 adunitum
651 992 726 1035 eum
748 968 933 1052 Authadiae‚
957 991 1122 1058 generasse
1141 967 1275 1049 Kakian,
1294 968 1403 1049 leion,

336 1092 366 1142 et
401 1075 595 1156 Phthonum,
630 1091 660 1141 et
694 1075 847 1162 Erinnyn,
882 1091 912 1142 et
943 1075 1189 1163 Epithymiam.'
1238 1074 1404 1141 Generatis

336 1200 441 1250 autem
465 1182 524 1264 his,
549 1202 649 1250 mater
672 1184 786 1270 Sophia
816 1185 998 1250 contristata
1021 1181 1145 1270 refugit,
1177 1198 1208 1247 et
1237 1183 1268 1247 in
1292 1182 1405 1248 altiora

337 1291 464 1356 secessit
487 1305 517 1355 et
539 1287 574 1355 fit
596 1288 746 1355 deorsum
764 1286 1000 1355 numerantibus
1018 1289 1188 1354 octonario.
1235 1287 1289 1353 Illa
1309 1288 1405 1376 igitur

337 1394 510 1476 secedente,
535 1419 567 1462 se
591 1395 696 1462 solum
720 1397 883 1483 opinatum
901 1418 980 1477 esse,
999 1412 1031 1461 et
1049 1411 1174 1483 propter
1195 1394 1254 1460 hoc
1270 1394 1403 1461 dixisse:

339 1531 354 1568 t<
370 1503 438 1591 Ego
462 1525 534 1568 sum
557 1503 645 1568 Deus
668 1501 793 1584 zelator,
812 1519 843 1568 et
861 1520 981 1590 praeter
997 1525 1049 1568 rne
1065 1525 1162 1568 nemo
1185 1518 1232 1568 est
1246 1527 1274 1568 u.
1286 1501 1319 1555 (¹)
1365 1501 1405 1567 Et

338 1608 369 1675 hi
393 1607 520 1698 quidem
543 1608 615 1674 talia
639 1610 843 1674 mentiuntur.

406 1787 485 1854 Can.
509 1786 617 1852 XXX.
664 1786 768 1876 [WH.
788 1783 972 1876 XXVIII]
1020 1783 1406 1866 Qonnrerrurrruum

337 1917 378 1962 ur
391 1895 590 1962 Curiorum
602 1913 848 1960 1mtuuroros1ms
867 1913 907 1958 ur
930 1911 1131 1959 retroneum
1150 1911 1191 1958 ΕΤ
1210 1912 1299 1958 ouon
1322 1911 1407 1956 con-

338 2022 467 2070 semera
482 1999 672 2067 resonum&
722 2021 749 2066 r.
772 2000 833 2066 Alii
842 2000 875 2054 (³)
898 2014 1002 2066 autem
1017 2022 1125 2066 rursus
1140 2015 1341 2086 portentuosa
1358 1999 1407 2064 lo-

337 2125 486 2197 quuntur,
518 2131 586 2173 esse
615 2105 774 2195 quoddam
805 2107 943 2194 primum
974 2105 1082 2172 lumen
1106 2107 1138 2170 in
1161 2106 1276 2171 virtute
1299 2104 1406 2192 Bythi,

339 2213 476 2294 beatum,
500 2229 530 2279 et
554 2210 798 2300 incorruptibile,
821 2228 852 2278 et
875 2212 1129 2278 interminatum:
1154 2233 1222 2276 esse
1245 2227 1350 2277 autem
1375 2225 1406 2276 et

339 2323 399 2389 hoc
424 2322 549 2388 Patrem
574 2321 730 2399 omnium,
754 2336 784 2386 et
813 2320 920 2385 vocari
942 2321 1081 2406 primum
1107 2318 1281 2385 homiuem.
1343 2319 1407 2384 En-

340 2453 454 2496 noeam
478 2445 583 2495 autem
608 2429 673 2494 eius
696 2411 959 2516 progredientem,
976 2425 1077 2492 filium
1097 2424 1203 2493 dicunt
1222 2427 1406 2506 emittentis,

339 2551 370 2600 et
393 2557 461 2600 esse
484 2533 567 2600 hunc
599 2533 714 2600 Filium
745 2533 893 2613 hominis,
921 2530 1093 2598 secundum
1118 2531 1293 2598 hominem.
1340 2531 1406 2598 Sub

341 2641 389 2708 his
413 2659 518 2709 autem
541 2641 691 2729 Spiritum
715 2656 858 2706 sanctum
882 2662 960 2719 esse,
984 2655 1015 2704 et
1038 2637 1095 2705 sub
1118 2639 1271 2726 superiori
1294 2639 1406 2726 spiritu
1426 2623 1428 2630 ,

339 2765 499 2837 segregata
515 2748 678 2829 elementa,
693 2753 819 2834 aquam,
838 2742 991 2826 tenebras,
1007 2742 1168 2832 abyssum,
1188 2743 1294 2825 chaos,
1314 2767 1406 2832 super

340 2931 459 2995 ποιητήν.
541 2927 639 2980 Τοῦτον
659 2929 689 2978 δὲ
707 2931 740 2992 τῇ
760 2927 899 2992 Αὐθαδτίᾳ
918 2925 1097 2990 συναφθέντα,
1113 2927 1161 2991 τὴν
1173 2921 1278 2976 Κακίαν
1293 2925 1406 2990 ἀπογεν-

340 3023 426 3084 νῆσαι,
444 3019 491 3069 καὶ
509 3019 543 3068 τὰ
560 3017 659 3082 ταύτης
677 3018 763 3081 μόρια.

310 3172 312 3178 ’
416 3176 437 3213 1.
458 3163 489 3214 Οῐ
507 3162 537 3212 δὲ
557 3161 685 3226 Σηθιανσῐ
698 3159 743 3221 οὓς
757 3157 896 3223 Ὀφιανοῦς
908 3159 926 3222 ἦ
940 3153 1049 3226 ’Opiros
1063 3153 1131 3219 τίνες
1146 3157 1327 3220 ὀνομάζουσιν,
1343 3154 1408 3207 Ἀν-

342 3253 450 3318 θρωττον
462 3250 575 3302 καλοῦσι
587 3252 633 3301 τ’σν
645 3254 697 3300 τῶν
710 3250 833 3299 ἁπάντων
844 3248 920 3309 Θεον,
935 3251 991 3316 φῶς
1004 3247 1083 3298 αὐτόν
1095 3245 1175 3296 πάλιν
1188 3245 1408 3309 ἐπονομάζοντας,

341 3345 388 3393 καὶ
407 3343 534 3410 μακάριον
552 3343 599 3390 καί
623 3339 762 3409 ἄφθαρτον
786 3335 994 3398 ἀποκαλοῦντες,
1017 3337 1064 3386 καὶ
1082 3335 1111 3386 ἐν
1129 3333 1212 3398 Βυθῷ
1231 3335 1278 3399 τὴν
1303 3335 1409 3399 οἴκησιν

343 3431 416 3497 ἔχειν
445 3429 676 3493 διαβεβαιούμενοι.
712 3427 767 3492 Τὴν
792 3426 822 3476 δὲ
847 3423 971 3476 Ἔννοιαν
996 3422 1076 3474 αὑτοῦ
1165 3423 1226 3474 roa
1249 3419 1408 3490 ’Δνθρὼπου

342 3520 462 3581 καλοῦσι,
480 3521 527 3570 καί
546 3518 668 3581 οευττρον
688 3515 858 3579 Ἄνθρωπον.
894 3514 970 3565 Mar&
988 3514 1019 3563 δὲ
1037 3511 1130 3563 τοῦτον
1149 3511 1276 3576 ὑπάρχειν
1287 3511 1319 3559 τὸ
1332 3511 1408 3574 ἅγιον

343 3608 461 3673 Πνεῦμα·
480 3609 555 3658 κάτα)
574 3607 604 3657 db
622 3605 723 3657 τούτων
742 3641 785 3657 ...
803 3606 919 3674 τέσσαρα
933 3605 1061 3669 στοιχεῖα,
1074 3602 1154 3664 ὕδωρ,
1167 3601 1271 3662 σκότος,
1285 3599 1408 3663 ἄβυσσον,

378 3773 420 3840 (r)
439 3769 488 3823 Ex.
506 3768 566 3834 XX,
589 3782 598 3834 5
614 3787 621 3834 ;
642 3768 694 3821 Iss.
713 3765 795 3831 XLV,
824 3777 847 3831 5,
900 3765 985 3818 multa
1000 3781 1032 3818 ex
1044 3761 1124 3816 Celso
1136 3763 1191 3832 (ap.
1204 3760 1288 3815 Ouio.
1302 3759 1331 3816 C.
1344 3759 1409 3814 Cels.

343 3855 372 3922 63
391 3854 485 3920 XLVI,
505 3870 530 3925 9.
566 3851 620 3906 Csr.
640 3869 696 3922 cap.
716 3869 769 3922 seq.
789 3851 803 3920 §
822 3849 847 3904 6.
901 3845 1410 3918 Vl,34);H1er³ou.(Syntog.)etErreu.

379 3944 421 4011 (2)
440 3941 471 3994 In
490 3957 552 3993 mss.
571 3957 593 3992 c.
615 3951 644 4008 35
666 3949 693 3991 et
711 3937 846 3990 ultimum.
901 3934 993 4004 (Haer.
1024 3934 1069 4003 37)
1096 3931 1228 3985 novimus.
1280 3931 1411 3984 Doctrina

380 4029 422 4096 (3)
440 4026 475 4079 Hi
495 4025 539 4079 alii
558 4035 619 4077 sunt
638 4023 727 4093 utique
744 4021 848 4093 Ophitoe
901 4036 994 4073 eorum
1013 4017 1081 4088 apud
1096 4016 1165 4069 lren.
1180 4017 1312 4087 complete
1330 4030 1412 4086 expo·

344 4117 372 4174 (a
385 4123 506 4183 serpente
521 4113 580 4181 θρις
594 4108 678 4178 [hebr.
690 4108 760 4178 Ν
779 4106 849 4158 unde
901 4104 973 4157 nitur
983 4103 1055 4156 iuxta
1065 4101 1172 4154 schema
1185 4100 1256 4170 quod
1269 4099 1310 4152 his
1322 4099 1411 4152 omni-

343 4197 484 4267 NaasseniJ
504 4195 541 4248 ita
556 4194 631 4260 dicti)
647 4193 680 4245 de
692 4192 785 4263 quibus
798 4190 849 4244 alia
901 4190 949 4243 bus
968 4186 1145 4260 praefiximus.
1189 4183 1242 4238 Cfr.
1261 4183 1412 4237 Tueooort.
