3238 5090
568 483 658 530 LIBER
680 482 845 528 SECUNDUS

171 481 445 552 (xxiia-xiphi]
1176 461 1236 546 385

239 680 318 748 Cau.
342 679 460 745 XVIII.
486 677 589 770 [WH.
615 676 764 768 XXIIII
819 678 982 759 Quournu
1007 677 1129 744 Sonrua
1153 695 1241 740 nuar-

172 808 266 861 Quan
281 808 313 854 ru
331 806 532 854 tcuoanurra
552 806 593 852 er
613 805 883 852 neuruoaarroua
899 805 964 850 aar.
1016 805 1042 848 1.
1061 780 1238 865 Quomodo

172 911 277 960 autem
300 915 364 958 non
387 914 505 958 vanum
526 908 582 972 est,
606 891 801 978 quodetiam
826 889 1026 978 Sophiam
1050 891 1117 955 eius
1131 887 1240 954 dicunt

174 1002 206 1066 in
230 998 414 1088 ignorantia,
437 1015 468 1064 et
491 999 523 1065 in
546 997 806 1079 deminoratione,
831 1014 861 1063 et
884 999 916 1063 in
948 998 1093 1084 passione
1122 995 1241 1063 fuisse?

175 1109 260 1174 Haec
283 1107 368 1173 enim
392 1105 493 1172 aliena
515 1122 588 1171 sunt
611 1128 628 1170 a
651 1104 760 1192 sophia
779 1121 809 1170 et
833 1105 997 1185 contraria,
1017 1103 1070 1170 sed
1090 1126 1147 1170 nec
1166 1101 1242 1168 affe-

176 1216 296 1280 ctiones
311 1215 379 1279 eius
394 1229 477 1279 sunt.
524 1213 588 1279 Ubi
603 1213 690 1278 enim
705 1229 752 1277 est
767 1209 1009 1300 improvidentia
1024 1228 1055 1277 et
1068 1213 1243 1300 ignorantia

176 1320 327 1401 utilitatis,
353 1319 395 1385 ibi
424 1319 531 1407 sophia
564 1341 629 1384 non
656 1333 712 1383 est.
764 1320 839 1385 Non
867 1319 930 1384 iam
961 1321 1057 1407 igitur
1091 1318 1242 1406 Sophiam

176 1452 303 1516 passum
327 1429 469 1494 Aeonem
493 1443 623 1504 vocent3
647 1425 701 1492 sed
725 1442 777 1492 aut
797 1424 985 1494 vocabulum
1005 1427 1082 1507 eius,
1106 1442 1158 1492 aut
1174 1447 1244 1516 pas-

178 1537 282 1600 siones
308 1535 564 1621 praetermittant.
612 1533 650 1598 Et
678 1533 904 1620 plenitudinem
932 1549 1036 1598 autem
1065 1533 1242 1598 universam

178 1664 242 1708 non
257 1640 362 1707 dIcant
378 1639 557 1727 spiritalem,
574 1641 600 1705 si
617 1641 697 1706 intra
716 1640 816 1726 ipsam
840 1641 930 1706 Aeon
955 1638 1016 1722 hic,
1040 1661 1139 1727 quum
1163 1656 1245 1705 esset

177 1747 208 1812 in
222 1743 418 1833 passionibus
435 1746 538 1825 tantis,
555 1762 757 1812 conversatus
777 1761 834 1812 est.
881 1745 965 1812 Haec
983 1747 1067 1811 enim
1084 1767 1124 1811 ne
1140 1746 1245 1810 anima

178 1853 305 1941 quidem
329 1851 428 1930 fortis,
456 1875 520 1918 non
542 1850 645 1918 dicam
670 1853 816 1940 spiritalis
840 1852 1059 1933 substantia,(¹)
1085 1852 1243 1940 percipiet.

249 1979 277 2025 2.
303 1958 467 2027 Osreusro
490 1979 643 2033 Quourau
671 1981 782 2034 ueoue
810 1961 1014 2027 Eururuasrs
1036 1981 1106 2026 siue
1129 1961 1246 2026 Aeone

181 2087 340 2133 anoeamn
369 2085 530 2132 assuatur
556 2085 789 2148 suesraurran,
816 2087 928 2140 ueQue
955 2087 1059 2132 Pnssro
1089 2086 1158 2132 siue
1182 2067 1248 2132 Eu-

180 2193 328 2240 ruruesn
376 2171 553 2254 Quomodo
582 2189 688 2238 autem
715 2195 822 2239 mrsus
850 2173 1054 2260 Enthymesis
1081 2175 1149 2239 eius
1172 2197 1244 2240 cum

180 2283 325 2369 passione
348 2278 522 2368 procedens
550 2281 716 2368 separatim
747 2297 867 2369 poterat
898 2279 983 2347 lieri?
1044 2279 1247 2367 Enthymesis

180 2389 265 2452 enirn
297 2409 365 2452 esse
389 2385 571 2472 intelligitur
598 2407 670 2474 erga
699 2386 846 2474 aliquem,
877 2387 942 2474 ipsa
970 2403 1074 2452 autem
1103 2409 1247 2452 seorsum

182 2516 356 2581 numquam
379 2491 484 2558 fiete>
529 2493 761 2560 Exterminatur
789 2494 874 2559 enim
902 2511 932 2559 et
959 2491 1141 2560 absorbetur
1165 2491 1247 2559 mala

182 2625 198 2667 a
223 2601 303 2667 bona
333 2601 522 2687 enthymesi,
546 2600 814 2688 quemadmodum
844 2602 1076 2688 aegrimoniam
1100 2598 1138 2666 ab
1161 2602 1250 2666 inco-

182 2707 332 2774 lumitate.
384 2708 477 2789 Quae
500 2709 586 2773 enim
605 2724 670 2773 erat
693 2709 778 2795 prior
806 2707 1009 2794 Enthymesis
1027 2709 1251 2795 passionis?(³>

181 2815 351 2902 Exquirere
366 2815 503 2894 Patrem,
516 2830 546 2880 et
559 2812 807 2902 magnitudinem
825 2816 891 2880 eius
906 2814 1113 2882 considerare.
1161 2813 1248 2896 Quid

183 2937 288 2986 autem
312 2943 402 2985 suasa
433 2937 479 2985 est
504 2937 622 3006 postea,
646 2937 676 2985 et
706 2920 884 2986 convaluit?
931 2921 1096 3002 Quoniam
1127 2921 1251 2986 incom-

184 3025 410 3113 prehensibilis
438 3043 468 3092 et
495 3028 547 3114 qui
572 3028 705 3092 inveniri
733 3050 798 3092 non
825 3029 934 3114 possit,
959 3045 1005 3092 est
1028 3029 1129 3093 Pater.
1175 3027 1250 3094 Non

183 3133 278 3220 igitur
301 3133 422 3199 bonum
445 3150 520 3213 erat,
543 3130 627 3221 quod
652 3133 745 3200 vellet
764 3156 956 3222 cognoscere
973 3135 1108 3214 Patrem,
1132 3150 1162 3201 et
1179 3157 1252 3222 pro-

220 3291 263 3356 (ι)
282 3287 401 3342 Observa
415 3289 482 3342 hanc
496 3290 690 3360 oppositionem

185 3373 254 3426 iuter
280 3373 417 3444 spiritalem
448 3373 605 3427 Pleromatis
632 3374 689 3426 sub-

185 3461 302 3510 stantiam
331 3471 357 3510 et
384 3459 497 3510 antimum
511 3457 605 3526 sortem
624 3475 691 3529 quae

185 3543 228 3595 hic
247 3543 336 3612 procul
350 3542 430 3595 dubio
448 3559 496 3612 pro
508 3543 592 3612 gravi,
605 3560 691 3596 crassa

186 3627 330 3680 insensibili
349 3627 483 3697 accipitur.

222 3714 264 3780 (2)
274 3711 345 3783 Erga
355 3712 474 3782 aliquem]
485 3711 543 3778 περὶ
552 3729 632 3776 attae:
644 3713 660 3765 i.
668 3729 692 3766 e.

186 3796 213 3849 in
241 3797 329 3868 aliquo
353 3797 488 3866 (homine)
516 3797 692 3850 substantiam

185 3882 298 3934 habens:
317 3881 378 3934 hinc
398 3897 444 3951 per
458 3898 486 3934 se
501 3893 527 3934 et
543 3881 612 3934 inse
628 3882 692 3946 sola,

186 3977 259 4018 extra
278 3966 384 4037 aliquod
403 3966 559 4030 subiectum,
578 3981 635 4019 esse
647 3981 693 4019 ne-

186 4050 250 4120 quit.
278 4049 355 4112 Quae
367 4061 510 4120 sequuntur
523 4067 569 4120 per
581 4067 610 4103 se
622 4061 694 4104 stant

187 4150 235 4185 nec
263 4149 324 4185 cum
351 4134 532 4203 praesentibus
560 4133 694 4204 iungenda

188 4229 257 4280 sunt,
270 4219 391 4288 quamvis
410 4218 436 4270 id
455 4219 548 4271 innuat
563 4235 616 4270 vox
628 4219 693 4270 enim

744 3291 816 3361 (γάρ,
835 3307 883 3360 pro
901 3292 974 3358 iad·

781 3375 823 3444 (3)
852 3374 955 3428 Prior·
962 3375 1107 3446 passionis}
1145 3375 1253 3429 Graeci-

745 3477 817 3512 smus
837 3476 884 3528 pro
902 3461 996 3530 «prior
1015 3460 1171 3530 passionen.
1206 3459 1252 3511 llis

745 3556 834 3597 autem
865 3561 932 3614 quae
964 3555 1107 3614 sequuntur
1137 3545 1252 3597 ostendit

746 3628 846 3681 nullam
865 3628 978 3698 Sophiae
998 3629 1168 3700 enthymesin
1194 3640 1255 3681 actu

746 3712 871 3765 exsistere
889 3712 1006 3781 potuisse
1025 3724 1083 3782 post
1102 3712 1172 3764 illius
1191 3729 1253 3764 con-

747 3796 905 3848 versionem.
925 3795 995 3848 Nam
1003 3797 1072 3848 mala
1080 3795 1254 3866 enthymesis,

747 3897 814 3951 quae
824 3880 897 3949 prior
907 3892 962 3934 erat
974 3881 1103 3951 passione,
1114 3896 1173 3932 seu:
1187 3881 1255 3932 velle

748 3981 909 4035 cognoscere
927 3965 1034 4018 Patrem
1054 3965 1135 4033 (atala
1154 3981 1186 4018 ex
1206 3965 1256 4036 hy-

748 4050 851 4120 pothesi
864 4062 891 4101 ut
906 4049 919 4118 §
933 4053 949 4102 b
963 4049 1069 4117 dicitur)
1080 4050 1254 4102 exterminata

748 4146 787 4188 est
816 4151 830 4186 a
853 4134 922 4186 bona
941 4151 991 4205 qua
1010 4151 1087 4186 suasa
1106 4147 1145 4186 est
1168 4150 1256 4204 «quc-

752 4218 848 4270 ‹cniam
873 4217 1148 4289 incomprehensibilis
1170 4219 1256 4270 &en
