3274 5100
192 533 250 598 (Ιν,
270 529 359 602 4-6).]
589 533 678 602 ursan
701 532 865 578 sucuuuus

1196 533 1257 599 327

191 749 284 814 super
314 727 422 793 omnia
450 725 548 806 Deus
573 727 661 792 cuius
692 742 721 794 et
752 727 986 793 invocationem
1018 726 1202 809 tremebant,
1230 745 1260 794 et

191 835 299 900 tremit
322 834 467 899 universa
491 849 630 899 creatura
654 849 683 899 et
707 833 896 921 principatus
912 849 942 899 et
957 836 1095 922 potentia
1110 851 1140 901 et
1156 835 1261 901 omnis

193 938 330 1004 subiecta
349 940 459 1004 virtus.
507 940 571 1004 Aut
590 938 744 1027 numquid
764 938 796 1004 hi
814 941 867 1028 qui
887 938 944 1004 sub
961 939 1181 1007 Romanorum
1201 941 1260 1005 im·

192 1047 280 1134 perio
308 1061 391 1126 sunt,
414 1045 559 1133 quamvis
586 1067 761 1133 numquam
789 1043 923 1111 viderint
946 1046 1183 1133 Imperatorem,
1206 1043 1260 1112 sed

193 1151 283 1218 valde
307 1167 337 1217 et
360 1173 413 1240 per
436 1167 553 1217 terram
572 1168 602 1218 et
621 1173 675 1240 per
695 1173 780 1217 mare
797 1153 926 1240 separati
946 1149 984 1218 ab
1003 1174 1053 1233 eo,
1069 1169 1261 1241 cognoscent

192 1277 319 1348 propter
332 1258 512 1325 dominium
527 1282 601 1324 eum
615 1259 669 1347 qui
684 1259 855 1325 maximam
870 1275 1055 1347 potestatem
1070 1257 1161 1326 habet
1177 1261 1262 1348 prin-

193 1366 377 1454 cipatus;(¹)
399 1366 452 1454 qui
476 1382 581 1432 autem
605 1387 698 1453 super
720 1388 779 1432 nos
798 1382 885 1432 erant
904 1367 1017 1454 angeli,
1033 1367 1082 1433 vel
1099 1367 1151 1433 ille
1166 1391 1260 1457 quern

195 1473 305 1540 mundi
329 1470 548 1539 fabricatorem
570 1472 688 1555 dicunt,
704 1496 769 1540 non
788 1490 981 1561 cognoscent
999 1475 1261 1562 omnipotentem,

193 1579 319 1668 quando
341 1581 406 1646 iam
429 1596 460 1646 et
484 1597 571 1646 muta
594 1578 737 1646 animalia
760 1596 896 1646 tremant
919 1597 949 1646 et
972 1580 1082 1648 cedant
1100 1581 1152 1648 tali
1172 1583 1263 1648 invo-

195 1687 332 1754 cationi?
374 1687 534 1776 Etutique
554 1709 618 1752 non
637 1686 781 1753 viderunt
800 1709 884 1768 eum,
900 1703 1006 1753 tamen
1024 1685 1144 1754 domini
1164 1688 1262 1753 nostri

195 1792 316 1857 nomini
328 1791 362 1845 (²)
385 1788 522 1857 subiecta
545 1807 617 1856 sunt
641 1791 767 1856 omnia:
792 1791 836 1856 sic
860 1807 890 1856 et
909 1793 975 1856 eius
993 1792 1046 1880 qui
1066 1792 1173 1858 omnia
1193 1791 1264 1859 fecit

195 1916 224 1965 et
252 1897 392 1966 condidit
425 1897 590 1980 vocabulo,
614 1920 714 1986 quum
742 1897 817 1964 alter
846 1920 909 1963 non
938 1899 978 1964 sit
1005 1921 1100 1987 quam
1123 1901 1188 1986 ipse
1211 1899 1264 1987 qui

195 2004 350 2073 mundum
371 2006 453 2072 fecit.
500 2006 538 2072 Et
558 2022 684 2094 propter
703 2004 763 2072 hoc
783 2004 886 2072 Iudaei
907 2028 1004 2094 usque
1020 2029 1103 2072 nunc
1123 2006 1180 2073 hac
1199 2008 1265 2095 ipsa

195 2111 341 2179 allatione
360 2111 531 2179 daemonas
550 2110 700 2199 effugant,
711 2111 745 2164 (³)
762 2110 887 2200 quando
904 2111 1010 2177 omnia
1026 2113 1156 2178 timeant
1175 2113 1266 2180 invo-

195 2221 352 2286 cationem
376 2219 443 2284 eius
466 2218 519 2306 qui
544 2217 616 2284 fecit
639 2240 685 2283 ea.

265 2347 293 2411 3.
319 2325 352 2392 Si
375 2325 477 2414 itaque
498 2325 594 2391 mutis
614 2321 798 2390 animalibus
817 2324 1090 2391 irrationabiliores
1108 2325 1265 2393 noluerint

195 2432 324 2520 angelos
347 2453 427 2513 esse,
451 2433 611 2498 invenient
634 2431 783 2519 quoniam
808 2431 981 2518 oportebat,
997 2433 1069 2498 licet
1088 2456 1151 2499 non
1171 2432 1286 2500 vidis*

197 2557 266 2606 sent
297 2539 328 2604 bi
357 2561 430 2604 eum
454 2539 507 2627 qui
532 2540 754 2626 superomnia
779 2539 866 2605 Deus
890 2555 946 2620 est,
971 2541 1015 2605 uti
1039 2556 1266 2628 cognoscerent

197 2661 394 2734 potentatum
414 2661 444 2711 et
462 2643 640 2712 dominium
660 2646 736 2711 eius
777 2646 956 2713 Ridiculum
977 2647 1062 2712 enim
1081 2668 1154 2713 vere
1174 2670 1266 2735 appa-

198 2753 286 2834 rebit,
311 2756 337 2819 si
361 2777 394 2820 se
416 2752 556 2842 quidem,
574 2754 627 2842 qui
652 2776 743 2841 super
766 2769 882 2820 terram
907 2770 988 2834 sunt,
1009 2776 1201 2842 cognoscere
1219 2753 1266 2821 di-

197 2879 271 2927 cunt
294 2884 368 2926 eum
391 2862 444 2950 qui
469 2884 560 2948 super
584 2862 691 2927 omnia
716 2877 762 2926 est
786 2861 998 2948 Deus,que1n
1022 2883 1195 2949 numquam
1220 2862 1267 2927 vi-

197 2968 329 3050 derunt;
359 2968 387 3033 ei
417 2985 522 3034 autem
552 2969 605 3056 qui
636 2991 691 3033 eos
722 2966 806 3046 fecit,
835 2983 865 3034 et
896 2968 1080 3034 universum
1112 2965 1265 3033 mundum

198 3073 370 3141 secundum
401 3097 467 3154 eos,
496 3075 780 3161 nonpermittant,
808 3096 906 3162 quum
937 3074 977 3139 sit
1008 3074 1040 3138 in
1071 3075 1206 3139 summis
1236 3090 1267 3139 et

236 3341 278 3404 (1)
289 3337 410 3390 Imitatur
421 3335 545 3390 Tittoua.
556 3335 642 3388 Autol.
653 3335 673 3400 Ι,
684 3350 706 3401 5:
761 3337 872 3390 Marna.
892 3337 951 3403 XII,
971 3353 1019 3405 273
1038 3337 1105 3390 Lus.
1125 3337 1173 3404 IX,
1187 3353 1221 3408 49
1240 3351 1267 3392 et

199 3423 330 3486 Βασιλεύς
349 3425 397 3488 μὲν
421 3425 537 3488 ἐπίγειος
556 3424 708 3474 πιστεύεται

200 3511 274 3567 εῐναι,
293 3505 390 3572 καίπερ
402 3510 437 3572 μὴ
451 3513 529 3558 πᾶσιν
547 3509 708 3572 βλεπόμενος

201 3593 245 3642 διὰ
264 3594 294 3643 δὲ
306 3594 393 3656 νόμων
406 3595 453 3642 καί
467 3593 613 3652 διατάξεων
626 3594 708 3644 αὐτοῦ

199 3679 246 3726 καὶ
256 3676 380 3736 ἐξουσιῶν
390 3679 437 3727 καί
448 3678 585 3741 δυνάμεων
595 3682 707 3728 νοεῖται·

201 3762 246 3812 τὸν
262 3762 293 3812 δὲ
310 3761 378 3812 Θεὸν
391 3763 422 3812 οὐ
439 3763 527 3824 βούλει
543 3763 574 3812 σὺ
589 3762 710 3812 νοεῖσθαι

202 3846 247 3895 διὰ
262 3847 347 3911 ἔργων
366 3849 413 3897 καί
432 3847 584 3912 δονάμεοιν;

238 3929 280 3996 (2)
307 3927 337 3980 ld
365 3927 431 3981 refer
459 3929 491 3982 ad
519 3929 710 4000 Imperatorem

201 4013 302 4083 ipsum;
332 4029 396 4066 nam
425 4014 591 4085 comparatio
616 4014 642 4066 in
669 4013 711 4066 his

202 4098 380 4150 continuatur.

239 4182 280 4246 (3)
301 4180 331 4232 ln
356 4181 419 4251 ipsis
449 4181 529 4234 sacris
556 4181 650 4234 litteris
679 4181 711 4235 de

203 4264 305 4317 ludaeis
331 4265 469 4319 exorcistis
493 4279 531 4319 est
550 4282 639 4320 sermo
653 4266 694 4336 (cf
705 4305 712 4322 .

762 3420 820 3473 Act.
850 3421 922 3486 XIX,
953 3423 988 3490 ς).
1034 3421 1075 3475 De
1105 3423 1268 3492 temporibus

762 3505 831 3558 Iren.
847 3506 999 3578 propinquis
1012 3524 1036 3559 ν.
1050 3507 1105 3560 los,
1116 3505 1199 3560 Ftav.
1213 3506 1268 3559 An-

762 3593 804 3660 tip.
821 3589 892 3655 Vlll,
908 3606 933 3656 2,
949 3604 973 3644 et
989 3591 1092 3644 lusrru.
1129 3590 1158 3644 C.
1176 3589 1268 3663 Tryph.

763 3675 794 3742 85
807 3693 812 3727 :
828 3695 842 3724 ιι
853 3674 880 3728 Si
894 3676 1035 3729 daemonia
1048 3675 1212 3729 adiuretis...
1223 3693 1270 3746 per

767 3780 780 3809 ιι
790 3760 876 3813 Deum
885 3760 1269 3826 Abrahamlsaacetlacob...

767 3864 780 3893 ιι
791 3845 974 3916 obsequentur.
998 3844 1117 3898 Utuntur
1125 3857 1216 3898 tamen
1226 3862 1270 3899 ve·

768 3928 838 3982 «stri
857 3928 1001 3982 exorcistae
1021 3941 1077 3982 arte
1095 3929 1145 3982 hac
1164 3929 1230 3982 sicut
1245 3941 1271 3983 et

768 4033 782 4062 ιι
792 4025 885 4084 gentes
895 4025 945 4067 etc.
958 4033 984 4066 ν.
1009 4012 1063 4066 Cfr.
1073 4030 1178 4084 quoque
1187 4011 1271 4066 Ortro.

767 4094 797 4148 C.
819 4093 881 4149 Cels.
902 4095 921 4160 I,
940 4095 1075 4163 22eth,
1094 4110 1123 4164 33
1144 4097 1186 4150 ubi
1207 4097 1272 4150 haec

766 4183 876 4235 nomina
892 4184 924 4235 ab
939 4182 1050 4236 ethnicis
1066 4183 1151 4252 magis
1167 4201 1271 4255 quoque

767 4279 890 4338 usurpata
909 4267 994 4320 docet.
