3288 5060
239 479 286 544 XI,
309 479 360 551 1).]
661 481 751 528 LIBER
775 483 890 531 PRIMUS
1243 483 1302 529 221

239 699 324 757 nem,
347 677 530 764 progeniem
565 676 685 763 primae
719 677 973 764 quaternationis,
1007 677 1052 743 sic
1087 701 1159 744 eum
1192 675 1307 744 dixisse

238 783 359 863 volunt,
382 781 531 869 abyssum
551 783 769 848 nominantem
786 799 815 848 et
835 781 986 864 tenebras,
1009 785 1043 849 in
1058 783 1170 871 quibus
1190 802 1263 851 sunt
1277 801 1308 850 et

239 912 346 978 aquae,
369 905 399 956 et
421 891 476 977 qui
498 887 654 958 ferebatur
681 911 773 976 super
800 912 894 978 aquas
922 891 1058 977 spiritus.
1112 891 1306 979 Postquam

238 994 361 1063 decadis
378 1011 696 1077 commemorantem,
711 995 819 1061 lumen
835 994 947 1076 dicere,
963 1012 994 1062 et
1009 994 1105 1077 diem,
1122 1013 1153 1063 et
1168 1013 1307 1078 noctem,

240 1121 270 1168 et
294 1101 542 1182 firmamentum,
564 1117 594 1168 et
626 1123 800 1190 vesperam,
824 1117 855 1168 et
888 1101 972 1189 quod
996 1119 1127 1169 vocatur
1151 1126 1253 1186 mane,
1277 1121 1308 1169 et

240 1207 369 1289 aridam,
393 1225 423 1274 et
447 1231 544 1288 mare,
567 1206 667 1275 adhuc
691 1209 785 1274 etiam
808 1225 839 1274 et
862 1207 1002 1290 herbam,
1026 1225 1055 1275 et
1087 1208 1212 1276 decimo
1234 1211 1307 1276 loco

239 1317 437 1404 lignum2sic
460 1337 585 1403 quoque
608 1314 794 1402 perdecem
818 1317 958 1394 nomina,
982 1337 1003 1382 x
1027 1319 1152 1382 Aeonas
1177 1315 1280 1384 manif
1294 1356 1309 1368 -

240 1439 346 1489 stasse.
393 1419 593 1489 Duodecadis
604 1439 708 1488 autem
725 1424 770 1488 sic
787 1421 956 1489 formatam
976 1421 1055 1510 apud
1072 1445 1126 1490 eos
1144 1424 1306 1490 virtutem:

240 1530 340 1596 solem
371 1531 457 1595 enim
488 1529 602 1608 dicere,
632 1546 661 1595 et
686 1529 804 1610 lunam,
839 1546 869 1596 et
899 1529 1013 1613 stellas,
1040 1546 1070 1596 et
1093 1546 1245 1618 tempora,
1278 1549 1308 1597 et

240 1657 350 1718 annos,
373 1652 402 1701 et
427 1652 523 1715 cetos,
547 1634 646 1702 adhuc
670 1635 764 1702 etiam
788 1637 899 1722 pisces,
923 1653 953 1702 et
976 1637 1140 1724 serpentia,
1165 1654 1195 1704 et
1222 1637 1309 1704 vola-

239 1742 314 1822 tilia,
338 1759 367 1808 et
390 1739 609 1830 quadrupedia,
634 1741 714 1808 feras
744 1765 880 1830 quoque,
912 1759 944 1808 et
974 1765 1066 1830 super
1095 1742 1170 1810 haec
1201 1746 1308 1811 omnia

239 1848 463 1916 duodecimum
495 1848 670 1914 hominem.
726 1849 776 1915 Sic
800 1847 838 1914 ab
862 1849 979 1936 Spiritu
1002 1848 1227 1917 triacontadem
1256 1874 1309 1939 per

240 1955 377 2041 Moysen
399 1951 515 2021 dictam
539 1954 661 2022 docent.
708 1955 776 2021 Nec
799 1977 863 2021 non
887 1971 918 2020 et
942 1953 1113 2022 formatum
1144 1955 1307 2022 hominem

240 2058 414 2128 secundum
434 2061 606 2150 imaginem
626 2061 795 2148 superioris
819 2063 954 2143 virtutis,
975 2060 1087 2129 babere
1115 2063 1147 2129 in
1172 2086 1204 2130 se
1228 2086 1309 2144 eam,

239 2189 318 2257 quae
331 2167 371 2234 sit
386 2165 424 2234 ab
440 2191 505 2234 uno
525 2165 621 2248 sonte,
638 2168 797 2234 virtutem.
809 2167 843 2221 (¹)
889 2169 1103 2236 Constitutam
1117 2185 1222 2236 autem
1239 2191 1308 2235 earn

239 2329 373 2412 γέννημα
386 2326 506 2412 πρώτης
519 2327 669 2412 τετράδος,
684 2331 777 2404 οὓτως
791 2330 880 2393 mitia
892 2326 1041 2414 εἰρηκέναι
1053 2327 1206 2412 θέλουσιν,
1218 2328 1309 2415 ἄβυσ-

240 2458 293 2498 σον
316 2435 499 2520 ὀνομάζοντα
521 2439 574 2499 καὶ
596 2435 716 2519 σκότος,
738 2436 770 2499 ἐν
793 2435 892 2518 σφίσιν
910 2438 1009 2512 αὐτοῖς
1027 2439 1079 2500 καὶ
1098 2437 1186 2520 ύδωρ,
1205 2438 1310 2501 καὶτὸ

240 2541 451 2628 ἐπιφερόμενον
474 2551 517 2626 τῷ
542 2543 624 2606 ύδατι
647 2552 775 2626 πνεῦμα.
823 2541 906 2606 Μεθ’
921 2543 958 2628 ἣν
979 2552 1032 2627 της
1055 2543 1181 2618 δεκάδος
1200 2564 1310 2628 μνημο-

240 2649 362 2713 νεύοντα
383 2659 446 2733 φῶς
467 2648 577 2734 λέγειν,
600 2651 652 2712 καὶ
674 2647 798 2733 ἡμέραν,
821 2651 874 2713 καὶ
896 2649 998 2732 νύκτα,
1017 2648 1174 2734 στερέωμέι
1196 2671 1239 2731 τε,
1258 2651 1312 2714 καὶ

240 2754 380 2838 ἑσπέραν,
392 2757 445 2819 καὶ
456 2757 473 2819 δ
486 2757 622 2820 καλεῖται
633 2757 719 2840 πρωῒ,
732 2753 822 2841 ξηρέιν
832 2777 865 2819 τε
879 2757 932 2820 καὶ
943 2755 1115 2837 θάλασσαν,
1127 2759 1171 2820 ἔτι
1182 2777 1215 2820 τε
1227 2755 1310 2842 βστά-

240 2880 303 2943 νην,
321 2862 373 2924 καὶ
392 2862 511 2945 δεκάτῳ
527 2861 610 2947 τύπῳ
626 2865 661 2926 cb
674 2859 780 2939 ξύλον·
798 2863 875 2924 ούτω
891 2861 924 2924 δέ
939 2861 988 2924 διὰ
999 2869 1057 2925 τῶν
1071 2860 1148 2925 δέκα
1159 2859 1311 2944 δνομέιτων

241 2969 309 3042 τούς
327 2963 403 3030 δέκα
423 2966 540 3044 Αἰῶνας
559 2966 770 3052 μεμηνυκέναι.
817 2965 882 3050 Τῆς
896 2965 930 3029 δὲ
945 2965 1114 3042 δωδεκάδσς
1129 2969 1222 3042 ούτως
1240 2963 1312 3043 ἐξει-

240 3071 382 3136 κονέσθαι
400 3071 472 3157 παρ’
486 3075 567 3157 αύτῷ
585 3076 640 3158 την
657 3073 797 3160 δύναμιν·
814 3072 898 3158 ἥλιον
912 3074 971 3157 γὰρ
986 3070 1152 3158 λέγεινκαὶ
1169 3071 1309 3158 σελήνην,

241 3176 369 3262 ἀστέρας
380 3201 413 3243 τε
424 3181 476 3243 καὶ
487 3183 619 3265 καιρούς,
632 3179 782 3256 ἐνιαυτούς
792 3201 826 3244 τε
837 3182 890 3242 καὶ
900 3179 989 3264 κήτη,
1005 3178 1115 3264 ἰχθύας
1125 3180 1179 3242 καὶ
1190 3177 1311 3263 ἑρπετὰ,

241 3290 361 3352 πετεινὰ
383 3289 437 3352 κατ’
457 3288 634 3371 τετράποδα,
656 3288 750 3373 θηρία
772 3309 805 3352 τε
827 3289 880 3350 καὶ
902 3287 952 3350 ἐπὶ
976 3296 1049 3351 πᾶσι
1078 3286 1193 3362 τούτοις
1220 3283 1311 3350 δωδέ-

240 3413 334 3459 κατον
355 3398 406 3458 τὸν
425 3395 595 3480 ἄνθρωπον.
643 3393 747 3471 Ούτως
764 3395 822 3458 ὑπὸ
840 3401 893 3458 τοῦ
912 3392 1086 3478 Πνεύματος
1104 3395 1159 3476 τὴν
1177 3413 1311 3477 τριακον-

241 3499 319 3566 τέιδα
340 3500 389 3564 διὰ
411 3499 563 3578 Μωυσέως
586 3500 726 3586 εἰρῆσθαι
749 3500 950 3565 διδάσκουσιν.
997 3498 1097 3564 Ἀλλὰ
1116 3501 1175 3586 μὴν
1192 3500 1244 3562 καὶ
1261 3502 1312 3564 τὸν

242 3607 375 3672 πλαστὸν
393 3609 554 3694 ἄνθρωπον
571 3607 641 3673 κατ’
654 3607 756 3672 εἰκόνα
770 3615 823 3691 τῆς
837 3609 900 3672 ἄνω
914 3607 1067 3691 δυνάμεως
1082 3607 1165 3691 ἔχειν
1181 3605 1213 3669 ἐν
1229 3605 1311 3688 αὑτῷ

242 3716 295 3798 την
312 3715 373 3778 ἀπὸ
391 3725 444 3800 τῆς
463 3726 532 3800 μιᾶς
548 3725 648 3800 πηγῆς
663 3715 795 3799 δύναμιν.
843 3713 999 3800 Ἱδρύσθσι
1013 3714 1047 3777 δὲ
1062 3714 1094 3777 ἐν
1109 3721 1151 3794 τῷ
1166 3715 1246 3775 κατὰ
1261 3713 1312 3775 τδν

277 3876 321 3944 (ι)
340 3874 430 3929 Vinus
455 3877 501 3930 scl.
529 3875 664 3938 sensitiva,
683 3893 750 3946 quae
805 3874 866 3927 ibid.
887 3872 924 3926 IV
943 3871 1002 3938 fin.;
1017 3871 1052 3938 V,
1071 3887 1087 3944 9
1106 3873 1153 3951 sub
1173 3869 1219 3924 fin.
1240 3873 1311 3933 eto).

242 3971 271 4013 ut
283 3959 379 4014 Mones
397 3961 425 4014 in
440 3961 548 4015 cerebro
565 3961 659 4014 residet
679 3972 704 4014 et
718 3961 750 4014 ab
804 3958 928 4021 Quatuor
940 3975 1032 4011 sensus
1050 3968 1155 4011 tantum
1171 3971 1314 4008 numeran-

242 4059 275 4096 eo
293 4043 321 4096 ia
339 4043 442 4097 tetrada
463 4060 588 4097 sensuum
608 4043 700 4096 defluit
723 4055 750 4095 ut
804 4057 848 4097 tur
860 4060 973 4114 quorum
986 4059 1085 4113 organa
1099 4041 1127 4093 in
1140 4039 1225 4108 capite
1244 4038 1312 4092 circa

241 4139 354 4198 quatuor
381 4125 491 4182 flumina
508 4129 534 4181 in
553 4127 680 4182 Paradiso
705 4145 751 4180 seu
805 4129 941 4182 cerebrum
970 4127 1098 4188 resident;
1124 4135 1209 4176 tactus
1235 4121 1314 4194 igitur

241 4212 315 4267 Eden
334 4212 422 4280 (Hirr.
443 4212 536 4267 Philas.
556 4213 573 4266 l.
593 4230 630 4278 c.;
654 4212 699 4266 cfr.
725 4224 750 4265 et
805 4210 1033 4283 praetermittitur.
