3172 5044
353 429 393 492 66
815 441 958 491 svvovsrs

349 639 476 727 quidam
495 637 684 728 pneumatici
703 653 777 706 sunt
794 638 922 726 gnosirn
941 636 1093 726 pollentes
1108 653 1138 702 et
1156 635 1189 704 hi
1205 639 1339 705 omnino
1354 661 1423 704 ser-

349 745 514 825 vabuntur,
530 767 746 834 quaecumque
762 744 822 810 sint
835 765 947 810 eorum
962 765 1057 832 opera
1069 741 1236 832 (dexteri);
1248 743 1334 810 alteri
1347 767 1422 811 om-

349 854 424 920 nino
456 850 631 918 materiales
659 851 740 939 ‹rqui
768 849 887 916 nullam
911 848 1147 936 inspirationem
1176 848 1422 938 incorruptionis

353 985 369 1022 a
380 959 517 1045 recipere
526 972 657 1044 possunt
673 981 689 1019 n
710 956 842 1036 sinistri;
858 955 911 1023 alii
926 954 1057 1022 demum
1070 955 1231 1036 animales,
1244 956 1325 1022 inter
1337 980 1421 1044 quos

349 1065 467 1133 Christi
486 1063 631 1145 asseclae,
648 1085 712 1128 non
731 1064 882 1150 accipient
902 1062 1034 1128 salutem
1053 1062 1113 1128 nisi
1132 1083 1187 1149 per
1207 1063 1322 1128 bonam
1341 1086 1422 1130 con-

347 1171 557 1237 versationem
582 1184 613 1234 et
637 1168 746 1234 merita
771 1163 980 1235 Redemtoris.
1045 1167 1114 1248 Qui
1144 1167 1238 1254 igitur
1264 1169 1420 1255 spiritales

345 1275 492 1344 dicuntur
509 1274 643 1364 gnostici
667 1297 764 1340 caeno
787 1273 967 1342 volutantur
985 1273 1174 1362 perditisque
1192 1291 1323 1342 utuntur
1347 1299 1420 1343 rno-

347 1381 441 1448 ribus.
511 1382 580 1448 VII.
600 1381 789 1448 Novissimo
803 1397 952 1446 eventura
968 1396 1176 1468 exponuntur.
1234 1381 1417 1450 Achamoth

346 1505 376 1556 et
399 1513 511 1556 omnes
534 1488 722 1576 pneumatici
744 1488 775 1552 in
795 1486 941 1553 Pleroma
960 1485 1152 1552 transibunt:
1178 1487 1229 1554 illa
1249 1489 1418 1571 Salvatori,

345 1596 378 1662 hi
401 1595 530 1683 Angelis
554 1594 688 1683 nupturi.
758 1595 924 1660 Materiam
943 1616 1075 1660 ornnem
1093 1591 1237 1664 absumet
1261 1597 1362 1663 latens
1382 1599 1417 1664 in

346 1725 380 1768 ea
400 1704 490 1791 ignis.
561 1702 786 1769 Redemtorem
806 1701 1031 1789 psychicomm
1048 1703 1175 1768 nonnisi
1199 1706 1349 1770 materiae
1363 1729 1419 1793 ap-

345 1813 499 1898 parentias
523 1812 731 1898 assumpsisse
747 1809 876 1876 docent:
897 1834 934 1876 ex
952 1808 1146 1898 quadruplici
1168 1833 1238 1877 esse
1256 1812 1417 1880 elemento

345 1916 506 2006 psychic0,
522 1918 734 2006 pneumatic0,
747 1919 935 1983 oeconomia
954 1934 984 1982 et
1001 1941 1038 1982 ex
1059 1917 1235 1998 Servatore‚
1250 1919 1304 2007 qui
1322 1942 1418 2007 super

344 2047 418 2091 eum
431 2041 572 2111 tempore
589 2022 735 2111 baptismi
750 2020 954 2106 descendens,
970 2024 1107 2111 passioni
1124 2025 1249 2090 nonnisi
1266 2027 1417 2093 materiae

344 2132 481 2218 speciem
501 2130 634 2216 reliquit.
683 2131 961 2196 Pneumaticorum
980 2152 1109 2217 genera:
1134 2129 1322 2211 sacerdotes
1342 2155 1417 2221 pro-

343 2237 453 2324 phetae
477 2252 507 2302 et
531 2258 630 2323 reges.
677 2236 872 2322 Demiurgus
900 2236 1007 2300 omnia
1030 2237 1187 2322 ignoravit
1213 2234 1314 2304 donec
1343 2240 1417 2306 Ser-

345 2361 435 2410 vator
466 2342 635 2411 advenerit.
691 2343 784 2424 Quae
813 2343 875 2408 sint
906 2358 976 2430 post
1006 2343 1099 2408 huius
1129 2342 1299 2410 adventum
1331 2345 1416 2412 illius

344 2467 446 2538 partes
469 2466 500 2516 et
524 2449 595 2516 fata.
665 2449 750 2515 VIII.
783 2447 833 2514 Ad
858 2448 933 2516 haec
956 2465 1139 2515 commenta
1162 2449 1338 2537 Scripturas
1360 2451 1417 2519 de-

343 2571 489 2644 torquent
512 2553 669 2620 haeretici.

407 2773 644 2833 Adumbratur
668 2771 870 2833 confutatio.
917 2766 974 2832 IX.
987 2766 1162 2854 Scripturas
1177 2789 1212 2832 ac
1228 2769 1411 2856 praesertim

342 2872 493 2940 Ioannem
510 2871 668 2939 evidenter
683 2871 732 2938 his
747 2895 918 2961 repugnare
934 2871 1069 2939 ostendit
1085 2873 1138 2954 Ir.,
1150 2889 1180 2940 et
1196 2896 1327 2940 omnem
1342 2875 1414 2963 Og-

341 2976 473 3046 doadem
487 3002 587 3045 unum
603 3002 671 3045 esse
688 2978 853 3046 Christum
869 2979 958 3044 cuius
972 2976 1128 3045 divinitati
1142 2979 1295 3045 eximium
1312 2979 1413 3047 reddit

340 3087 568 3152 testImonium.
621 3086 786 3174 Scripturis
817 3085 963 3151 haeretici
991 3101 1120 3151 utuntur
1145 3109 1181 3152 ea
1204 3087 1325 3153 ratione
1351 3111 1412 3175 qua

340 3193 473 3260 Homeri
488 3193 629 3261 versibus
646 3210 816 3260 centonum
833 3208 1059 3281 compactores.
1118 3195 1161 3258 At
1184 3216 1223 3260 eo
1242 3216 1291 3260 res
1307 3193 1414 3263 absol-

340 3302 423 3368 vitur
446 3302 529 3390 quod
545 3325 603 3367 nec
621 3301 748 3389 quidem
768 3303 848 3367 inter
868 3323 900 3365 se
920 3301 1131 3380 consentiant;
1151 3299 1226 3368 haec
1246 3301 1412 3369 diversitas

339 3409 525 3495 opinionum
545 3405 681 3475 ostendit
696 3409 859 3473 veritatem
879 3405 949 3472 fidei
969 3430 1065 3494 quam
1084 3407 1222 3474 Ecclesia
1238 3410 1411 3476 universim

339 3512 468 3580 collecta
496 3536 559 3579 uno
591 3535 645 3579 ore
677 3511 848 3601 profitetur.
917 3513 958 3578 X.
990 3513 1163 3600 Exponitur
1186 3537 1317 3580 aureum
1349 3515 1410 3582 hoc

338 3615 520 3704 symbolum
548 3619 687 3684 veritatis
710 3617 793 3707 quod
817 3641 874 3684 nec
900 3619 1081 3684 varietatem
1111 3642 1168 3685 nec
1201 3623 1410 3688 mutationem

336 3725 460 3813 patitur,
476 3727 621 3814 quamvis
632 3742 697 3792 tam
715 3723 837 3792 dissitas
854 3727 998 3815 regiones
1015 3725 1122 3793 fideles
1138 3727 1285 3809 incolant,
1298 3752 1411 3818 quarn-

336 3832 384 3897 vis
408 3832 459 3897 alii
483 3833 514 3897 in
539 3832 676 3899 Ecclesia
696 3832 764 3898 aliis
783 3833 940 3900 doctiores
956 3833 1029 3913 sint,
1045 3855 1182 3920 quorum
1206 3836 1332 3922 negotia
1355 3833 1411 3902 de-

337 3936 523 4004 scribuntur.
