3288 5060
374 431 435 497 208
530 403 534 420 ι
661 451 790 498 IRENAEI
813 453 974 500 ADVERSUS
997 453 1153 500 HAERESES
1224 449 1436 522 [XV,6-XVI,1

439 645 467 708 6.
488 641 592 732 [WH.
624 642 716 724 VIII,
745 643 809 732 17].
856 644 1058 731 Quapropter
1081 659 1111 709 et
1134 644 1214 710 iuste
1237 659 1267 710 et
1294 662 1364 734 apte
1386 647 1440 713 tali

369 749 537 814 temeritati
560 764 631 814 tuae
654 746 778 815 divinae
801 748 1017 836 adspirationis
1041 751 1146 816 senior
1169 766 1199 816 et
1222 771 1335 838 praeco
1358 754 1442 820 veri-

369 856 440 921 tatis
454 855 487 908 (¹)
502 855 646 921 invectus
669 871 717 921 est
739 855 771 920 in
795 872 837 934 te,
860 854 967 922 dicens
990 857 1053 922 sic:

477 979 611 1032 idolorum
631 978 781 1044 fabricator,
801 979 898 1044 Marce,
917 991 943 1033 et
963 991 1145 1050 portentorum
1165 979 1306 1052 inspector,

477 1068 648 1138 Astrologiae
667 1055 790 1134 cognitor
808 1080 833 1122 et
853 1067 973 1138 magicae
991 1067 1065 1132 artis,

476 1158 526 1211 Per
545 1175 612 1229 quae
628 1156 771 1212 confirmas
790 1158 885 1212 erroris
905 1158 1048 1224 doctrinas,

476 1244 557 1316 Signa
576 1246 718 1299 ostendens
737 1246 778 1298 his
797 1246 841 1316 qui
861 1263 876 1298 a
895 1258 922 1299 te
940 1245 1110 1310 seducuntur,

476 1335 647 1405 Apostaticae
666 1334 771 1388 virtutis
790 1334 966 1406 operationes,

476 1422 553 1486 Quae
571 1422 619 1475 tibi
639 1435 753 1493 praestat
772 1434 833 1476 tuus
852 1435 927 1493 pater
946 1422 1058 1476 Satanas

476 1510 526 1564 Per
545 1511 693 1582 angelicam
713 1511 839 1564 virtutem
859 1509 1002 1564 Azazell²l
1020 1509 1116 1576 lacere,
1137 1509 1237 1565 habens
1255 1523 1283 1566 te

475 1600 676 1654 Praecursotem
696 1601 844 1653 contrariae
864 1601 988 1653 adversus
1007 1599 1095 1653 Deum
1114 1600 1256 1671 nequitiae.

367 1716 407 1783 Et
430 1715 505 1782 haec
536 1714 664 1804 quidem
695 1733 819 1783 amator
842 1717 902 1782 Dei
926 1717 1041 1782 senior.
1087 1716 1157 1784 Nos
1185 1733 1290 1784 autem
1321 1719 1440 1807 reliqua

368 1823 517 1910 mysteria
536 1844 659 1904 eorum,
674 1846 754 1910 quae
770 1839 844 1889 sunt
862 1822 966 1910 longa,
980 1821 1165 1889 conabimur
1188 1821 1324 1891 breviter
1346 1849 1441 1914 expe-

435 1986 463 2050 6.
484 1986 538 2049 uu
556 1988 608 2048 acal
626 1985 747 2062 δικαίως
764 1989 817 2050 καὶ
836 1984 1025 2069 ἁρμοζόντως
1043 1993 1081 2068 τῇ
1098 1983 1220 2069 contra
1237 2007 1292 2049 σου
1310 1985 1408 2072 τόλμῃ
1423 1989 1441 2051 ὁ

367 2091 450 2168 θεῖος
473 2091 639 2176 πρεσβύτης
660 2095 714 2156 καὶ
731 2091 825 2176 κήρυξ
843 2101 896 2175 τῆς
914 2090 1063 2175 ἀληθείας
1085 2087 1238 2176 ἐμμέτρως
1257 2089 1441 2179 ἐπιβεβὸηκέ

367 2219 426 2281 σοι,
446 2199 536 2263 εἰπῶν
555 2202 664 2276 οὓτως·

546 2325 712 2376 Εἰοωλοποιὲ
731 2327 825 2389 Μάρκε
843 2327 889 2374 καὶ
907 2326 1097 2388 aspernatione,

546 2413 740 2482 ἀστρολογικῆς
758 2415 865 2478 ἔμπειρα
883 2416 930 2464 καί
948 2418 1064 2478 μαγικῆς
1081 2415 1188 2479 τέχνης,

546 2501 579 2553 δι’
593 2503 630 2553 ιῖιν
648 2504 785 2566 κρατύνεις
803 2507 852 2568 τῆν
870 2503 973 2568 πλάνης
992 2505 1026 2553 τά
1045 2503 1203 2567 διδάγματα,

545 2595 642 2656 σημεῖα
661 2593 764 2654 δεικνὺς
784 2595 838 2654 τοῖς
856 2593 907 2642 ὑπό
925 2606 973 2642 σου
992 2593 1181 2655 πλανωμένοις,

544 2681 724 2745 ἀποστατικῆς
743 2681 871 2745 δυνάμιος
890 2681 1080 2745 λγχειρήματα,

544 2769 561 2818 ll
580 2771 621 2819 ool
640 2773 754 2835 χορηγεῖ
771 2770 817 2831 αὀς
835 2771 922 2837 πατὴρ
940 2770 1028 2820 Σατάν
1048 2769 1098 2831 ἀεὶ,

543 2857 576 2908 δι’
590 2856 738 2923 ἀγγαλινιῆς
757 2859 885 2922 δυνάμιος
906 2857 1027 2923 Ἀζαζὴλ
1046 2859 1130 2909 ποιεῖν

543 2949 615 3012 ἔχων
635 2962 665 2997 ατ
683 2949 831 3011 πρόδρομον
850 2947 976 2998 ἀντιθέου
994 2947 1163 3012 πανουργίας.

366 3061 428 3126 Καὶ
442 3069 536 3126 ταῦτα
551 3063 608 3147 μὲν
622 3061 639 3125 ὁ
654 3063 801 3146 θεοφιλὴς
816 3061 992 3147 πρεσβύτης.
1041 3061 1148 3147 Ἡμεῖς
1166 3062 1199 3126 δὲ
1218 3065 1257 3126 τὰ
1274 3062 1367 3127 λοιπὰ
1384 3073 1439 3148 τῆς

365 3168 576 3254 μυοταγωγίοις
595 3169 702 3250 αὐτῶν,
723 3173 826 3255 μακρὰ
844 3171 926 3250 ὂντα,
945 3168 1156 3254 πειρασόμεθα
1175 3167 1311 3256 βραχέως
1326 3167 1437 3247 διεξελ-

400 3336 443 3407 (ι)
462 3337 538 3391 Unus
551 3355 583 3392 ex
599 3338 767 3410 presbyteris,
782 3339 874 3409 proba·
927 3355 986 3392 cem
1014 3339 1080 3392 trad.
1109 3337 1217 3403 MartIn,
1244 3337 1327 3404 Paris,
1357 3337 1434 3409 1906,

365 3421 442 3474 bilius
461 3421 575 3475 Asianus
595 3423 661 3475 sicut
680 3423 736 3493 ipse
754 3423 872 3486 Marcus,
927 3440 951 3493 p.
964 3425 1036 3492 290),
1073 3421 1169 3475 Inrem
1181 3421 1315 3475 saciuntc.
1327 3421 1399 3486 VIII,
1414 3438 1436 3474 1:

365 3506 541 3578 Polycarpum
561 3508 647 3578 ipsum
672 3509 728 3560 vult
750 3498 872 3561 Harum-
929 3524 943 3554 ιι
953 3503 985 3557 Et
1005 3505 1101 3557 Azazel
1120 3503 1209 3557 docuit
1221 3503 1344 3557 homines
1357 3501 1435 3556 fabri-

365 3605 441 3644 rstu.
466 3589 564 3644 Versus
573 3593 616 3662 qui
624 3605 768 3663 sequuntur
775 3593 871 3662 graeci,
930 3609 944 3638 ιι
953 3589 1085 3642 cntionem
1098 3587 1304 3659 gladiorum...
1318 3587 1436 3653 metalla,

364 3671 460 3724 senarii
485 3671 590 3725 iambici
615 3685 684 3738 sunt,
715 3691 793 3726 anon
814 3689 872 3726 om·
929 3685 1037 3726 «artem
1052 3671 1213 3740 fabrilem»)
1229 3683 1278 3727 etc.
1305 3671 1435 3741 [crant.

367 3755 456 3808 «nino
465 3757 537 3821 mali,
556 3769 591 3822 et,
604 3769 715 3828 excepto
730 3770 814 3822 sexto,
829 3758 870 3810 cui
925 3761 971 3822 Εἰς
990 3757 1057 3810 laid.
1078 3757 1135 3826 18];
1155 3773 1177 3810 c.
1191 3755 1239 3820 IX,
1254 3755 1284 3810 ⁶:
1309 3755 1377 3809 «Tu
1396 3756 1436 3808 vi-

367 3856 429 3911 «pes
445 3841 528 3906 deest,
544 3842 664 3912 integra»
682 3843 844 3911 [Μιεουετλ
928 3863 941 3890 ιι
951 3843 1012 3895 disti
1025 3859 1092 3912 quae
1105 3840 1166 3895 fecit
1180 3842 1287 3906 Azazel‚
1306 3851 1436 3912 quatenus

395 3925 435 3993 (2)
447 3925 584 3980 Azazelex
594 3941 632 3980 xx
644 3926 745 3997 angelis
752 3926 779 3978 in
786 3938 870 3979 terras
929 3947 942 3976 ιι
952 3927 1040 3980 docuit
1051 3942 1144 3992 omnes
1152 3925 1304 3997 iniquitates
1315 3925 1436 3988 interris,

362 4010 441 4081 lapsis
454 4010 627 4081 aliquandox
644 4011 786 4082 aliquando
799 4011 869 4081 prin-
929 4031 941 4060 ιι
952 4023 977 4064 et
997 4010 1123 4064 revelavit
1148 4022 1248 4064 secreta
1271 4009 1436 4080 sempiterna

361 4111 422 4165 ceps
437 4112 451 4147 a
465 4095 590 4148 Rabbinis
603 4094 746 4149 dicebatur.
784 4095 823 4149 De
836 4113 868 4148 eo
927 4115 941 4146 ιι
951 4096 1084 4148 caelorum
1090 4113 1116 4158 »3
1127 4110 1148 4146 c.
1159 4093 1255 4158 x‚8:«
1262 4091 1434 4147 Omnisterra

362 4179 436 4249 plura
456 4179 483 4231 in
498 4179 561 4232 libro
575 4177 683 4233 choch.
721 4179 787 4248 (cfr.
802 4180 868 4232 indi·
927 4201 940 4229 ιι
950 4192 1073 4249 corrupta
1088 4190 1127 4232 est
1143 4179 1171 4232 in
1186 4177 1307 4233 doctrina
1322 4193 1434 4248 operum
