3274 5100
644 440 771 488 lRENAEi
796 441 956 486 ADVERSUS
980 440 1135 488 HAERESES

356 419 419 502 356

1253 436 1337 506 [XIIL
1351 437 1423 489 8—10

354 632 453 718 prima
472 633 573 716 Noos‚
589 633 634 716 <id
651 651 697 700 est
721 644 855 717 sensus),
872 637 1013 723 ipsorum
1033 635 1163 702 emissio
1179 651 1237 716 est,
1257 633 1423 701 manifeste

353 738 560 806 ostendimus
607 739 780 807 Videamus
795 759 899 808 autem
912 759 942 808 et
957 741 995 809 de
1012 742 1148 832 reliquis.
1194 740 1244 808 Ab
1256 741 1316 808 hoc
1334 743 1419 807 enim

354 844 466 932 Logon
491 861 520 911 et
544 846 630 912 Zoen
654 845 855 914 fabricatores
878 847 971 914 huius
994 849 1182 914 Pleromatis
1200 847 1307 914 dicunt
1327 849 1425 914 emis-

354 973 417 1032 sos,
437 969 466 1017 et
491 953 582 1040 Logi,
601 951 708 1036 <idest
732 955 853 1039 Verbi),
877 955 1005 1042 quidem
1030 957 1236 1021 emissionem
1260 953 1297 1020 ab
1317 955 1424 1020 homi-

353 1080 430 1123 num
447 1056 612 1125 affectione
625 1061 820 1146 accipientes,
834 1077 863 1126 et
876 1059 1128 1128 addivinantes(¹)
1142 1061 1290 1128 adversus
1303 1061 1421 1142 Deum,

353 1165 440 1251 quasi
465 1163 578 1253 aliquid
604 1189 755 1254 magnum
779 1165 1013 1234 adinvenientes
1037 1169 1069 1234 in
1089 1191 1127 1234 eo
1150 1167 1234 1256 quod
1261 1166 1380 1248 dicunt,
1405 1191 1421 1232 a

354 1271 406 1336 Nu
431 1294 499 1336 esse
523 1273 675 1338 emissum
699 1273 829 1360 Logon:
865 1273 949 1362 quod
982 1273 1109 1361 quidem
1138 1297 1251 1340 omnes
1274 1272 1421 1340 videlicet

355 1379 467 1458 sciunt,
491 1380 641 1466 quoniam
673 1381 705 1444 in
729 1378 912 1446 hominibus
935 1378 1063 1468 quidem
1088 1395 1315 1468 consequenter
1337 1379 1423 1447 dica-

354 1501 421 1564 tur;
441 1485 473 1550 in
497 1509 536 1551 eo
559 1503 664 1552 autern
683 1488 736 1576 qui
760 1489 800 1553 sit
824 1511 915 1576 super
938 1511 1051 1555 omnes
1074 1489 1172 1568 Deus,
1196 1505 1281 1554 totus
1305 1487 1375 1554 Nus
1391 1505 1422 1552 et

354 1609 439 1658 totus
463 1592 570 1680 Logos
593 1615 693 1680 quum
716 1595 766 1674 sit,
789 1593 1058 1682 quemadmodum
1078 1593 1302 1683 praediximus,
1318 1609 1348 1660 et
1362 1617 1422 1660 nec

355 1697 436 1765 aliud
461 1701 627 1788 antiquius
651 1723 707 1766 nec
731 1703 897 1789 posterius
921 1719 973 1768 aut
996 1700 1078 1769 aliud
1097 1701 1222 1768 alterius
1234 1702 1268 1754 (ἢ
1290 1701 1424 1767 habente

354 1806 386 1870 in
411 1828 453 1884 se,
479 1804 531 1872 sed
556 1823 625 1872 toto
648 1807 768 1894 aequali
792 1824 822 1872 et
841 1807 938 1874 simili
962 1823 992 1874 et
1016 1830 1081 1873 uno
1099 1824 1328 1894 perseverante,
1357 1807 1423 1872 iam

354 1934 417 1976 non
432 1912 499 1978 taiis
519 1912 611 1978 huius
630 1912 836 1980 ordinationis
853 1931 998 2002 sequetur
1013 1915 1153 1980 emissio.
1200 1913 1425 1996 Quemadmo-

355 2017 431 2085 dum
455 2021 508 2106 qui
531 2018 605 2085 dicit
628 2043 702 2085 eum
721 2037 825 2086 totum
849 2022 1017 2102 visionem,
1035 2037 1064 2087 et
1080 2037 1183 2088 totum
1202 2019 1355 2099 auditum,
1372 2020 1423 2108 (in

355 2149 418 2213 quo
442 2143 547 2192 autem
571 2125 667 2206 videt,
691 2128 723 2192 in
746 2127 814 2214 ipso
838 2143 868 2194 et
891 2125 986 2208 audit,
1006 2145 1036 2194 et
1059 2129 1092 2193 in
1115 2149 1178 2214 quo
1194 2126 1289 2210 audit,
1305 2127 1337 2192 in
1352 2128 1423 2214 ipso

355 2249 384 2298 et
408 2230 519 2322 videt),
543 2255 608 2298 non
631 2249 753 2321 peccat:
779 2235 824 2299 sic
847 2249 877 2300 et
900 2236 954 2323 qui
973 2235 1026 2315 ait,
1049 2250 1152 2302 totum
1175 2234 1266 2300 illum
1290 2256 1421 2299 sensum

355 2357 384 2404 et
407 2355 511 2406 totum
534 2338 677 2420 verbum,
701 2356 731 2405 et
754 2341 786 2406 in
809 2363 873 2427 quo
897 2363 1005 2406 sensus
1025 2357 1082 2421 est,
1102 2342 1134 2406 in
1155 2339 1214 2406 hoc
1233 2356 1264 2406 et
1286 2335 1421 2405 verbum

354 2468 432 2525 esse,
445 2461 476 2510 et
487 2444 619 2510 verbum
632 2469 700 2511 esse
719 2447 786 2511 eius
810 2445 892 2512 hunc
904 2447 937 2500 (³)
954 2448 1040 2529 Nun,
1054 2449 1160 2513 minus
1175 2445 1302 2536 quidem
1319 2443 1421 2512 adhuc

354 2549 391 2616 de
416 2551 507 2616 Patre
530 2551 675 2617 omnium
701 2552 829 2632 sentiet;
863 2550 1039 2618 decentiora
1071 2568 1176 2618 autem
1201 2551 1300 2640 magis
1323 2574 1420 2639 quam

355 2657 396 2736 hi,
412 2658 465 2745 qui
482 2659 715 2744 generationem
733 2658 877 2745 prolativi
895 2659 1062 2725 hominum
1079 2658 1167 2725 verbi
1181 2657 1372 2724 transferunt
1389 2660 1422 2724 in

353 2765 412 2831 Dei
437 2783 599 2830 aeternum
623 2763 777 2846 Verbum,
801 2782 831 2850 et
855 2765 1038 2853 prolationis
1066 2765 1191 2832 initium
1214 2764 1366 2831 donantes
1391 2783 1422 2830 et

353 2873 492 2958 genesin,
516 2869 786 2958 quemadmodum
808 2889 839 2938 et
863 2895 921 2938 suo
944 2870 1052 2938 verbo.
1099 2872 1137 2938 Et
1161 2873 1192 2938 in
1212 2893 1276 2959 quo
1294 2871 1421 2938 distabit

354 2979 414 3044 Dei
438 2977 624 3060 verbumst)
646 2980 713 3045 imo
738 2979 838 3067 magis
862 2979 928 3067 ipse
946 2980 1034 3045 Deus
1054 3002 1154 3067 quum
1173 2979 1212 3044 sit
1232 2977 1387 3057 Verbum,
1404 3002 1421 3043 a

355 3160 401 3210 sub
421 3157 467 3210 sin.
510 3158 543 3210 Hi
566 3158 637 3210 enim
662 3175 755 3210 omnes
779 3157 860 3211 Noun

354 3243 456 3296 Ennoia
476 3243 648 3312 posteriorem
667 3242 773 3295 iaciunt.

391 3330 433 3395 (1)
451 3331 717 3394 Hupapevraodpevot
729 3351 746 3372 =
758 3340 860 3382 temere

354 3411 381 3464 in
400 3412 487 3465 Deum
506 3412 685 3465 coniicientes.

392 3500 462 3564 (ηῆ
481 3499 550 3550 ἄλλο
566 3515 591 3550 τι
608 3501 725 3564 ἑτέρους
736 3497 803 3551 nihil
821 3498 860 3550 di·

355 3597 461 3633 versum
481 3582 509 3634 in
527 3599 555 3634 se
573 3582 681 3644 habens,
698 3582 751 3646 sed,
772 3593 800 3634 ut
812 3599 859 3634 an·

355 3677 397 3719 tea
417 3666 493 3730 dixit,
512 3678 582 3719 totus
601 3666 649 3720 sibi
669 3666 770 3719 similis.

391 3752 433 3818 (3)
465 3753 544 3804 αὐτὸν
574 3755 620 3804 τὸν
649 3753 718 3804 Νοῦν
737 3775 754 3798 =
773 3751 859 3821 ipsum

354 3834 444 3888 Noun.

390 3921 432 3985 (a)
451 3919 477 3972 Si
497 3921 563 3974 bene
582 3919 702 3972 attendas
727 3917 807 3971 finem
827 3919 860 3970 ad

354 4021 431 4074 quern
452 4005 516 4058 haec
535 4005 614 4058 habet
632 4004 699 4056 iren.
716 4015 744 4056 ut
763 4019 859 4074 nempe

354 4089 524 4141 emissionem
544 4087 623 4140 Verbi
642 4087 762 4140 abiente
780 4104 861 4157 quam

354 4173 479 4227 haeretici
496 4175 645 4226 asserebant
665 4172 859 4226 omninoever·

912 3169 959 3222 tat,
966 3158 1082 3210 adhibita
1091 3158 1136 3210 illa
1146 3156 1358 3211 consideratione
1369 3173 1422 3226 qua

913 3241 1029 3295 Verbum
1046 3254 1071 3294 et
1091 3241 1166 3294 Mens
1185 3253 1211 3294 et
1225 3241 1276 3294 alia
1292 3241 1383 3294 omnia
1394 3239 1420 3292 in

913 3326 971 3379 Deo
984 3343 1067 3378 unum
1082 3326 1204 3396 idemque
1217 3325 1278 3389 sint,
1291 3325 1358 3378 bene
1374 3325 1421 3377 ha-

913 3411 985 3464 bebis
1003 3411 1104 3464 nullam
1114 3427 1170 3464 esse
1180 3409 1311 3463 rationem
1321 3427 1372 3480 qua
1386 3409 1419 3461 Ir.

913 3497 945 3548 ad
966 3494 1083 3548 Verbum
1102 3507 1131 3548 ut
1158 3494 1310 3547 distinctam
1331 3509 1420 3563 perso-

913 3580 1122 3632 namtransitum
1132 3577 1218 3632 faciat.
1237 3576 1338 3630 Verum
1344 3589 1420 3630 tanta

913 3662 1038 3716 firmitate
1057 3663 1201 3716 catholicus
1212 3663 1233 3715 is
1244 3677 1334 3715 sensus
1349 3662 1376 3714 in
1387 3662 1419 3713 Ir.

912 3747 1017 3800 excellit
1036 3758 1064 3799 ut
1086 3747 1138 3812 hic,
1159 3745 1208 3800 etsi
1230 3762 1276 3815 per
1298 3756 1418 3797 transen-

912 3848 984 3896 nam,
1004 3833 1073 3884 hanc
1097 3832 1182 3901 ipsam
1208 3829 1356 3884 doctrinam
1381 3841 1422 3882 at-

912 3915 1011 3985 tingat:
1025 3915 1086 3968 hinc
1096 3913 1260 3985 comparatio
1270 3913 1420 3966 emissionis

913 4000 985 4052 verbi
1009 3999 1119 4052 humani
1142 4011 1168 4052 et
1194 3997 1287 4064 divini,
1314 3997 1421 4068 prolati-

912 4083 980 4137 tium
995 4083 1181 4152 (προφορικός)
1197 4083 1269 4148 illud,
1283 4093 1420 4136 aeternum

912 4171 972 4234 hoc,
992 4188 1007 4224 a
1025 4171 1098 4224 cuius
1124 4168 1292 4240 processione
1316 4177 1420 4238 oportet
