3288 5060
209 477 268 546 (xl,
293 477 380 546 1-3)·]
631 475 720 522 ιιιειι
744 474 860 524 nunus
1213 467 1273 534 223

209 689 266 754 est,
289 673 367 738 atria
389 671 428 738 de
458 669 566 758 byssO,
589 685 620 736 et
653 667 836 756 hyacintho
860 683 891 733 et
926 688 1070 754 purpura,
1095 681 1125 732 et
1148 665 1280 731 coccino

211 778 300 859 sacta,
315 776 425 844 eadem
445 774 524 864 apud
536 799 592 842 eos
611 773 817 842 ostenderunt
836 773 1059 861 imaginem&
1104 769 1281 839 Sacerdotis

209 907 335 974 quoque
357 881 508 972 poderem
518 883 552 936 (²)
569 902 704 970 quatuor
728 879 889 948 ordinibus
913 877 1050 966 lapidum
1071 879 1281 966 pretiosorum

211 990 410 1071 adornatum,
433 990 702 1079 quatemationem
735 985 911 1076 significare
941 983 1136 1074 praefiniunt.
1194 983 1233 1050 Et
1255 987 1282 1050 si

210 1121 272 1187 qua
295 1097 428 1164 omnino
451 1095 523 1162 talia
547 1110 622 1160 sunt
651 1095 752 1182 posita
778 1094 810 1159 in
835 1093 1015 1180 Scripturis,
1038 1113 1118 1180 quae
1148 1109 1283 1180 quatuor

211 1220 345 1292 possunt
367 1197 536 1268 numerum
560 1199 734 1288 designare,
759 1216 885 1288 propter
906 1199 1175 1286 quaternationem
1198 1199 1284 1286 ipso-

213 1334 285 1378 rum
300 1309 409 1378 dicunt
433 1307 562 1375 factum.
609 1308 859 1377 Octonationem
882 1329 990 1374 rursus
1019 1304 1142 1373 ostendi
1164 1307 1226 1372 sic:
1251 1306 1283 1371 in

212 1435 327 1486 octavo
341 1416 464 1484 dierum
480 1413 652 1484 formatum
666 1415 775 1482 dicunt
787 1414 961 1481 hominem.
1008 1412 1186 1502 Aliquando
1197 1414 1282 1479 enim

213 1523 325 1590 volunt
347 1546 421 1588 eum
441 1539 529 1588 sexto
548 1520 598 1588 die
618 1519 746 1602 factum,
760 1521 793 1574 (³)
808 1519 975 1608 aliquando
995 1535 1098 1586 autem
1116 1520 1148 1585 in
1160 1535 1284 1598 octavo,

214 1631 273 1697 nisi
298 1629 379 1696 forte
402 1629 550 1696 choicum
574 1626 702 1716 quidem
723 1629 755 1695 in
775 1645 864 1694 sexto
888 1625 1012 1694 dierum
1037 1626 1145 1694 dicunt
1169 1625 1287 1692 sorma-

215 1755 295 1816 tnm,
319 1735 475 1802 carnalem
495 1751 601 1802 autem
624 1735 656 1801 in
680 1752 808 1802 octavo:
831 1733 976 1801 distincta
1001 1750 1073 1800 sunt
1101 1735 1186 1800 euim
1211 1733 1286 1799 haec

216 1841 296 1931 apud
320 1864 385 1908 eos.
434 1839 575 1922 Quidam
598 1857 704 1907 autem
723 1855 754 1906 et
778 1839 910 1906 alterurn
940 1863 1009 1906 esse
1036 1839 1147 1907 volunt
1169 1840 1223 1928 qui
1239 1863 1288 1904 se-

217 1949 356 2016 cundum
388 1947 562 2036 imaginem
585 1962 616 2014 et
638 1946 880 2014 similitudinem
912 1947 972 2013 Dei
996 1944 1095 2013 factus
1114 1963 1161 2013 est
1188 1946 1288 2013 homo

218 2055 359 2122 masculo
383 2053 549 2134 femineus,
569 2070 599 2120 et
623 2053 706 2120 hunc
730 2076 799 2120 esse
818 2053 1005 2142 spiritalem:
1031 2054 1162 2120 alterum
1182 2069 1287 2119 autem

217 2163 270 2252 qui
289 2185 327 2228 ex
345 2179 426 2228 terra
444 2161 615 2250 plasmatus
635 2161 685 2227 sit.

287 2289 316 2354 3.
336 2267 374 2334 Et
397 2289 486 2334 arcae
509 2283 615 2333 autem
639 2265 879 2354 dispositionem
903 2268 934 2332 in
954 2267 1157 2355 cataclysmO,
1177 2269 1209 2335 in
1227 2291 1287 2357 qua

220 2448 342 2534 βύσσου,
364 2448 418 2512 καὶ
440 2445 597 2526 ὑακίνθου,
621 2449 672 2510 καὶ
694 2445 857 2530 πορρθρπς,
880 2448 933 2510 καὶ
960 2447 1104 2512 κοκκίνου
1125 2458 1288 2532 γεγονυῖαι,

219 2557 271 2638 τὴν
294 2556 386 2637 αὐτὴν
409 2551 481 2638 παρ’
497 2554 595 2628 αὐτοῖς
618 2550 772 2630 ἐπέδειξαν
802 2553 913 2617 εἰκόνα.
968 2550 1030 2617 Τόν
1052 2575 1085 2616 τε
1109 2564 1161 2618 τοῦ
1189 2554 1289 2640 ῖερέυς

219 2659 346 2745 ποδήρη,
369 2657 512 2744 οὲσσοιρσι
535 2657 648 2746 στίχοις
667 2659 761 2722 λίθιυν
779 2658 953 2724 πολυτελῶν
970 2659 1217 2745 κεκοσμημένων,
1236 2666 1290 2746 τὴν

220 2767 347 2850 τετράδα
368 2765 523 2850 σνμσῑνειν
541 2765 731 2851 διοριζονιοιι·
746 2769 799 2829 καὶ
813 2769 840 2830 εἰ
853 2787 917 2832 τινα
931 2777 1053 2831 τοιαῦτα
1068 2777 1164 2832 κεῖται
1179 2768 1211 2833 ἐν
1227 2778 1290 2846 ταις

223 2873 364 2958 Γροραῖς,
388 2873 430 2949 εἰς
448 2876 499 2938 τὸν
516 2883 575 2936 τῶν
594 2873 748 2958 τεσσάρων
766 2872 914 2957 δυνάμενοι
932 2874 1064 2958 ἄγεσθαι
1083 2875 1222 2960 ἀριθμὸν,
1241 2877 1290 2939 διὰ

220 2984 273 3064 τὴν
295 2983 458 3064 τετρακτὺν
480 2981 578 3042 αὐτῶν
600 2999 673 3062 φασι
695 2980 860 3064 γεγονέναι.
907 2978 971 3062 Τὴν
994 2979 1028 3043 δὲ
1050 2981 1183 3064 hruodum
1201 2982 1291 3046 nidor

221 3086 398 3152 δείκνυσθαι
415 3089 526 3163 οὓτως·
545 3087 578 3150 ἐν
593 3097 629 3170 τῇ
646 3084 739 3172 ὀγδόῃ
753 3097 811 3151 τῶν
827 3088 944 3172 ἡμερῶν
959 3087 1137 3152 πεπλάσθαι
1152 3088 1291 3173 λέγουσιν

220 3197 272 3257 τὸν
294 3177 465 3276 ἄνθρωπον.
512 3193 593 3260 Ποτὲ
616 3196 672 3277 μὲν
694 3197 752 3279 γὰρ
769 3196 859 3258 αὐτὸν
877 3205 916 3278 τῇ
934 3196 1008 3279 ἕκτῃ
1032 3195 1186 3281 βούλονται
1204 3218 1291 3282 γεγσ·

222 3299 312 3382 νὲναι,
336 3302 410 3364 ποτὲ
433 3300 466 3364 δὲ
489 3310 527 3384 τῇ
550 3300 654 3385 ὀγδόῃ,
677 3303 704 3365 εἰ
727 3301 768 3387 μή
791 3323 818 3365 τι
840 3306 891 3366 τὸν
915 3304 970 3386 μὲν
987 3305 1092 3388 χοϊκὸν
1110 3305 1143 3367 ἐν
1160 3313 1199 3388 τῇ
1217 3305 1290 3389 ἕκτη

222 3414 281 3470 τῶν
302 3407 421 3492 ἡμερῶν
444 3409 544 3492 ἐροῦσι
566 3407 756 3489 πεπλάσθαι,
781 3412 830 3472 τὸν
853 3409 886 3472 δὲ
909 3413 1054 3494 σαρκικθν
1072 3411 1104 3476 ἐν
1123 3421 1161 3496 τῇ
1180 3411 1289 3497 opusq-

223 3513 392 3578 διέσταλται
422 3515 482 3599 γὰρ
512 3523 606 3578 ταῦτα
630 3514 702 3600 παρ’
718 3517 827 3592 αὐτοῖς.
874 3515 970 3581 Ἔνιοι
994 3517 1027 3580 δὲ
1050 3517 1143 3582 ἄλλον
1166 3517 1291 3583 θέλουσι

223 3623 274 3685 τὸν
296 3620 365 3685 κατ’
381 3619 484 3686 εἰκόνα
506 3624 559 3686 κοιλ
581 3623 721 3706 ὁμοῖωσιν
740 3621 820 3687 Θεοῦ
842 3621 990 3707 γεγονότα
1013 3625 1222 3709 ἀρσενόθηλυν
1244 3629 1292 3690 ἄν·

224 3727 357 3812 θριυιιον,
380 3731 434 3793 καὶ
455 3739 559 3793 τοῦτον
583 3731 656 3794 εἶναι
677 3733 728 3794 τὸν
755 3727 973 3815 πνευματικόν·
1006 3731 1099 3796 ἄλλον
1126 3732 1160 3795 δὲ
1182 3736 1233 3796 τὸν
1256 3733 1293 3795 ἐκ

225 3843 278 3918 τῆς
299 3844 357 3919 γῆς
377 3833 567 3900 πλασθέντα.

294 3959 324 4025 3.
348 3939 412 4005 Καὶ
429 3945 483 4027 τὴν
500 3950 554 4028 της
575 3942 703 4028 κιβωτοῦ
722 3943 755 4007 δὲ
772 3943 945 4030 οἰκονομίαν
962 3945 995 4008 ἐν
1017 3954 1058 4030 τῷ
1076 3945 1292 4029 κατακλυσμῷ,

261 4123 304 4192 (ι)
318 4122 400 4176 Exod.
415 4123 514 4190 XXVI,
531 4141 554 4190 1;
572 4125 697 4191 XXXVI,
708 4127 733 4178 8.
789 4125 913 4190 XXVIII,
932 4141 959 4192 15
982 4145 1036 4198 sqq.

263 4207 305 4275 (2)
323 4205 374 4260 Seu
406 4207 486 4262 vestis
517 4209 549 4263 de
577 4226 628 4280 qua
653 4207 733 4262 Exod.
825 4213 867 4277 (3)
886 4209 939 4264 Cfr.
960 4209 1033 4276 XIV,
1054 4209 1078 4264 6.
