3288 5060
376 395 441 478 198
665 415 796 462 ιιιενεει
820 415 979 462 novemus
1002 417 1157 463 nrrnrses
1301 415 1372 485 μιν,
1389 431 1442 469 1-2

370 632 521 698 perquam
548 612 670 700 sapiens
698 635 809 678 eorum
838 613 911 702 Sige
938 615 1173 701 generationem
1200 633 1277 678 xxiv
1301 613 1442 678 elemen-

370 734 494 784 torum:
522 740 596 784 cum
624 719 746 786 solitate
772 743 841 786 esse
869 721 1030 802 unitatem,
1057 743 1094 786 ex
1120 718 1234 808 quibus
1260 719 1339 786 duae
1366 734 1441 785 sunt

371 825 567 907 emissioneS,
589 828 669 892 sicut
688 827 879 916 praedictum
899 829 995 909 est,(¹)
1014 851 1125 894 monas
1144 844 1175 895 et
1193 829 1266 910 hen,
1285 853 1363 918 quae
1381 829 1441 894 du-

370 932 549 1019 plicatae,(²)
566 955 598 1000 ιν
618 933 715 1001 factae
731 951 817 1001 sunt:
834 933 882 1001 bis
895 937 980 1001 enim
993 933 1067 1017 duo,
1086 952 1229 1024 quatuor.
1277 937 1315 1002 Et
1330 958 1441 1002 rursus

370 1037 435 1104 duo
458 1056 488 1104 et
511 1056 643 1128 quatuor
667 1042 699 1107 in
723 1040 858 1130 idipsum
884 1043 1088 1129 compositae,
1112 1057 1235 1108 sextum
1260 1040 1443 1108 manifesta-

371 1162 484 1212 verunt
501 1169 682 1213 numerum.
730 1149 770 1212 Hi
794 1165 899 1213 autem
919 1170 973 1213 sex
991 1146 1214 1235 quadruplicati
1233 1149 1346 1236 viginti
1363 1171 1442 1235 qua·

370 1267 442 1318 tuor
471 1269 698 1340 generaverunt
728 1251 853 1342 figuras.
900 1253 938 1319 Et
961 1253 1089 1342 quidem
1115 1277 1194 1344 quae
1221 1271 1293 1320 sunt
1319 1255 1441 1341 primae

370 1358 614 1445 quaternationis
633 1361 763 1424 nomina
782 1376 887 1426 sancta
910 1376 1090 1426 sanctorum
1115 1358 1341 1448 intelliguntur,
1359 1383 1441 1447 quae

370 1487 435 1531 non
451 1483 583 1552 possunt
602 1467 754 1546 enarrari3
774 1467 989 1554 intelliguntur
1008 1483 1113 1534 autem
1130 1490 1147 1532 a
1163 1468 1233 1534 solo
1254 1467 1344 1548 Filio,
1359 1488 1440 1553 quae

371 1571 461 1636 Pater
486 1573 544 1638 scit
566 1594 718 1658 quaenam
744 1589 825 1638 sunt.
873 1573 943 1639 Alia
967 1595 1054 1653 vern,
1077 1595 1156 1661 quae
1180 1595 1253 1638 cum
1277 1575 1440 1661 gravitate,

371 1693 400 1742 et
420 1676 551 1760 honore,
575 1695 606 1744 et
628 1677 689 1744 fide
713 1680 916 1745 nominantur
943 1678 1022 1768 apud
1046 1701 1132 1760 eum,
1152 1695 1223 1745 sunt
1250 1679 1337 1758 haec,
1360 1679 1440 1764 Ἀρ

371 1783 458 1868 ρητος
481 1800 511 1850 et
535 1785 622 1870 Σιγὴ,
643 1785 749 1871 Πατὴρ
770 1801 799 1850 et
819 1785 984 1869 Ἀλήθεια.
1030 1785 1132 1850 Huius
1152 1801 1256 1851 autem
1275 1801 1441 1874 quaterna-

371 1890 465 1956 tionis
482 1892 647 1957 universus
663 1914 813 1957 numerus
829 1909 875 1957 est
892 1891 1051 1959 literarum
1068 1892 1180 1979 viginti
1194 1908 1344 1979 quatuor:
1362 1892 1441 1977 Ἀρ-

371 2137 487 2226 γένεσιν
501 2150 560 2204 τῶν
575 2141 824 2226 εἰκοσιτεσσάρων
839 2140 1010 2226 στοιχείων·
1030 2151 1066 2225 τη
1086 2141 1223 2226 μανότητι
1238 2141 1441 2225 συνυπίιρχειν

372 2244 507 2331 ἑνότητα,
527 2245 558 2324 ἐξ
577 2249 618 2312 ὧν
640 2247 693 2310 δίο
715 2246 871 2334 προβολαὶ,
895 2247 982 2311 καθὰ
1004 2246 1184 2334 προείρηται,
1217 2247 1309 2330 μονάς
1332 2249 1441 2310 τεκαὶ

370 2359 405 2419 τὸ
428 2357 460 2418 ἕν
483 2354 533 2418 ἐπὶ
555 2354 607 2418 δύο
623 2357 710 2418 οὑσαι
725 2353 869 2438 τέσσαρες
887 2353 1042 2438 ἐγένοντο·
1061 2353 1105 2429 δίς
1122 2355 1181 2437 γὰρ
1199 2353 1263 2434 δύο,
1283 2350 1439 2437 τέσσαρες.

372 2459 434 2524 Καὶ
456 2461 555 2543 πάλιν,
579 2461 609 2525 ai
632 2461 685 2524 δύο
707 2463 760 2526 καὶ
786 2459 930 2546 τέσσαρες
952 2461 994 2537 είς
1016 2462 1051 2523 τὸ
1074 2461 1147 2523 αὐτὸ
1174 2459 1365 2522 συντεθεῖσαι
1388 2462 1441 2522 τὸν

371 2577 428 2632 τῶν
440 2566 473 2644 ἓξ
484 2567 674 2652 ἐφανέρωσαν
687 2568 825 2652 ἀριθμὸν.
865 2567 954 2632 Οὗτοι
967 2568 1000 2630 δὲ
1015 2567 1042 2630 οἱ
1054 2564 1086 2644 ἓξ
1097 2564 1439 2650 τετραπλασιασθέντες,

371 2677 424 2750 τίις
435 2673 678 2759 εἰκοσιτέσσαρας
692 2675 868 2758 ἀιτεκίιησαν
885 2673 1009 2759 μαρρίις.
1056 2670 1118 2736 Καὶ
1130 2676 1168 2735 τὰ
1182 2674 1237 2757 μὲν
1253 2681 1305 2755 τῆς
1320 2671 1440 2757 πρώτης

372 2781 512 2865 τετράδος
527 2782 659 2866 ὀνόματα
673 2783 745 2864 ἅγια
758 2781 861 2865 ἁγίων,
877 2780 1025 2864 νοούμενα
1039 2781 1092 2842 καὶ
1106 2781 1148 2864 μὴ
1164 2779 1314 2864 δυνάμενα
1324 2778 1440 2862 λεχθη-

372 2909 429 2971 ναι,
453 2887 658 2974 γινώσκεσθαι
680 2889 737 2951 ὑπὸ
760 2887 852 2972 μόνου
875 2897 928 2950 τοῦ
960 2886 1041 2968 Υίοῠ,
1065 2886 1125 2950 ὁίὸ
1149 2885 1256 2969 Πατὴρ
1282 2885 1344 2949 οίδε
1374 2884 1440 2948 τίνα

372 2993 446 3060 ἐστί.
493 2993 542 3058 Τὰ
560 2995 593 3056 δὲ
612 2997 716 3079 σεμνὰ,
736 2995 789 3056 καί
807 2996 883 3078 μετὰ
905 2992 1034 3069 πίστεως
1051 2991 1258 3077 ὀνομαζόμενα
1275 2989 1346 3075 παρ’
1357 2993 1440 3073 αὐτῷ

373 3103 436 3167 ἐστι
449 3110 556 3166 ταῦτα·
569 3101 720 3185 Ἀρρητος
730 3102 783 3163 καὶ
795 3099 882 3183 Σιγὴ,
896 3098 1002 3184 Πατήρ
1014 3101 1110 3163 τεκαὶ
1122 3095 1285 3192 Ἀλήθεια.
1319 3096 1440 3182 Ταύτης

373 3211 406 3273 δὲ
418 3220 472 3294 τῆς
482 3209 620 3295 τετρίδος
632 3209 648 3272 ὁ
660 3207 779 3291 σύμπας
791 3203 919 3292 ἀριθμός
934 3206 998 3269 ἐστι
1009 3205 1166 3291 στοιχείων
1178 3204 1439 3288 εἰκοσιτεσσάρων.

375 3315 412 3381 Ὁ
435 3321 494 3401 γὰρ
517 3315 666 3401 Ἀρρητος
689 3317 785 3399 ὄνομα
806 3313 968 3398 γρίμματα
990 3314 1057 3397 ἔχει
1080 3313 1113 3376 ὲν
1135 3311 1233 3394 ἑαυτῷ
1256 3310 1382 3393 ἑστίηὴ
1405 3312 1439 3373 δὲ

378 3570 880 3612 uouucouvnnsarrounitsecuuouu
934 3556 1005 3608 claro
1029 3553 1157 3625 magistro
1180 3570 1269 3607 sermo
1290 3565 1343 3606 est:
1365 3564 1441 3606 estne

377 3663 391 3694 ι(
401 3657 525 3696 ricuniri
546 3656 604 3695 erus
618 3656 666 3700 our
679 3655 727 3694 esr
742 3654 815 3693 anuo
830 3653 880 3692 eos
934 3639 1013 3709 igitur
1026 3639 1069 3692 ille
1083 3638 1203 3691 Marcus?
1241 3637 1369 3708 Equidem
1385 3654 1440 3689 non

378 3729 534 3781 «Prnnoun
575 3739 728 3779 exponunt
769 3738 880 3776 encrnu
934 3724 1014 3777 modo
1027 3735 1144 3795 systema
1160 3722 1186 3775 id
1199 3723 1341 3786 consentit,
1352 3721 1398 3775 sed
1413 3733 1441 3774 et

377 3815 478 3883 «cplm.
504 3811 592 3864 XII».
638 3809 710 3862 Haec
735 3824 879 3880 quoquea
934 3809 1001 3861 ratio
1014 3825 1065 3880 qua
1078 3807 1164 3861 irrisio
1177 3807 1208 3859 Iu
1221 3809 1255 3872 iu,
1268 3813 1291 3860 et
1299 3806 1363 3878 phau
1373 3805 1438 3878 pheu

374 3898 434 3951 sede
447 3899 562 3960 aberrat;
576 3912 657 3966 quum
670 3893 831 3946 restituenda
842 3892 880 3943 vi-
933 3909 1022 3945 rursus
1037 3892 1080 3945 hic
1098 3891 1112 3962 §
1132 3906 1148 3956 4
1168 3890 1314 3955 adducitur,
1336 3889 1362 3942 id
1381 3905 1440 3942 sua-

373 3983 465 4036 deatur
483 3998 505 4034 c.
524 3979 611 4032 XVII.
933 3978 995 4030 dere
1013 3976 1126 4029 videtur.

410 4067 452 4135 (1)
471 4065 502 4118 ld
521 4075 630 4118 nonest
650 4063 813 4134 praedictum
830 4062 879 4114 nisi
970 4063 1011 4130 (2)
1031 4061 1196 4114 vertendum
1211 4072 1280 4114 erat:
1294 4077 1361 4113 sacru
1377 4058 1439 4111 duo-

373 4169 396 4204 c.
413 4149 459 4216 xl,
475 4165 498 4219 3,
518 4149 561 4202 ubi
577 4148 609 4203 de
624 4149 677 4201 alio
692 4147 880 4201 Gnosticorum
934 4147 986 4199 bus.
