3274 5100
350 461 411 544 348
636 482 763 528 menam
787 483 947 529 aot'easus
969 484 1125 530 HAERESES
1189 481 1382 552 [x11‚7-x111.
1401 499 1410 534 1

345 673 526 761 Monogene
550 672 666 755 dicunt,
690 677 770 742 sicut
794 693 823 742 et
847 677 985 764 reliquos
1005 678 1142 758 Aeonas,
1166 677 1289 758 Horon,
1316 701 1413 766 quem

344 779 487 868 plurimis
510 782 693 848 nominibus
713 799 837 864 vocant,
870 785 950 849 sicut
981 782 1194 872 praediximus
1225 785 1257 850 in
1285 807 1335 863 eo,
1360 787 1415 872 qui

346 904 416 952 ante
430 886 511 954 hunc
524 904 571 954 est
583 888 711 954 liber.(¹)
756 891 848 956 Hunc
866 907 970 956 autem
987 891 1099 957 Horon
1111 889 1239 978 quidam
1255 889 1414 978 quidema

344 993 525 1081 Monogene
550 996 702 1061 emissum
726 995 843 1078 dicunt,
859 996 911 1062 alii
929 1018 1006 1062 vero
1029 995 1067 1062 ab
1090 998 1160 1086 ipso
1184 998 1355 1084 Propatore
1381 999 1416 1062 in

346 1099 550 1166 similitudine
573 1101 671 1166 sua.(²)
716 1100 828 1168 Adhuc
847 1103 942 1168 etiam
959 1104 1163 1169 emissionem
1174 1101 1282 1170 dicunt
1299 1102 1415 1168 factam

347 1228 363 1270 a
387 1205 569 1294 Monogene
597 1207 761 1274 Christum
791 1226 822 1275 et
848 1209 999 1296 Spiritum
1025 1225 1180 1290 sanctum,
1204 1225 1235 1274 et
1258 1209 1317 1274 hos
1347 1233 1414 1275 non

345 1330 552 1379 annumerant
566 1312 604 1379 ad
616 1337 785 1381 numerum
802 1315 1005 1382 Pleromatis:
1022 1313 1076 1381 sed
1090 1337 1190 1403 neque
1206 1314 1415 1398 Salvatorem‚

346 1441 441 1508 quem
454 1421 547 1486 etiam
561 1421 701 1487 Totum
722 1445 789 1488 esse
805 1419 922 1488 dicunt.
970 1422 1039 1488 Hoc
1054 1423 1139 1488 enim
1151 1422 1352 1489 manifestum
1367 1440 1416 1489 est

346 1543 376 1593 et
392 1527 536 1610 caeco‚(³)
558 1531 708 1616 quoniam
732 1553 796 1596 non
821 1531 925 1596 solum
941 1531 1067 1618 triginta
1091 1529 1278 1596 emissiones
1302 1553 1415 1596 secun-

346 1633 422 1700 dum
446 1634 517 1700 illos
551 1636 683 1701 emissae
714 1653 796 1716 sunt,
831 1634 884 1702 sed
915 1653 946 1701 et
968 1651 1101 1722 quatuor
1125 1657 1198 1701 cum
1233 1636 1301 1702 istis
1334 1657 1413 1702 xxx.

346 1742 451 1829 lpsum
478 1743 562 1807 enim
592 1743 799 1830 Propatorem
830 1759 1037 1809 annumerant
1066 1743 1098 1808 in
1122 1740 1280 1823 Pleroma,
1304 1759 1335 1808 et
1358 1766 1415 1809 eos

345 1849 399 1934 qui
423 1871 460 1912 ex
480 1849 676 1914 successione
692 1847 729 1915 ab
745 1849 881 1914 invicem
899 1850 1006 1914 emissi
1023 1865 1105 1914 suut.
1154 1847 1241 1930 Quid
1257 1848 1342 1937 quod
1362 1851 1412 1914 isti

345 1977 410 2019 non
433 1954 720 2021 annumerabuntur
739 1955 800 2020 illis
823 1956 854 2021 in
879 1955 992 2022 eodem
1016 1956 1195 2023 Pleromate
1218 1957 1414 2036 exsistentes,

344 2061 398 2148 qui
421 2060 522 2146 adepti
539 2078 611 2127 sunt
626 2060 770 2128 eamdem
784 2063 1013 2128 emissionem?
1059 2063 1168 2143 Quam
1189 2063 1276 2128 enim
1292 2061 1414 2128 edicere

345 2184 476 2252 possunt
499 2169 613 2234 iustam
636 2191 773 2248 causam,
797 2166 838 2234 ob
853 2191 948 2256 quarn
963 2191 1027 2234 non
1042 2183 1250 2235 annumerant
1273 2191 1346 2234 cum
1364 2193 1415 2235 re-

347 2273 438 2360 liquis
450 2271 623 2355 Aeonibus,
638 2298 738 2364 neque
758 2275 933 2356 Christum,
952 2298 1046 2363 quem
1062 2275 1188 2342 volente
1203 2276 1295 2341 Patre
1310 2298 1327 2340 a
1340 2276 1415 2340 lilo-

346 2402 468 2467 nogene
491 2379 597 2446 dicunt
621 2404 689 2447 esse
712 2383 877 2463 emissum,
893 2404 994 2469 neque
1008 2381 1160 2469 Spiritum
1179 2398 1334 2464 sanctum,
1359 2406 1415 2447 ne-

346 2508 405 2572 que
429 2487 551 2569 Horon,
574 2511 669 2575 quem
692 2506 722 2554 et
753 2489 909 2554 Soterau)
938 2488 1063 2570 dicunt3
1091 2488 1144 2554 sed
1178 2511 1277 2576 neque
1308 2490 1413 2576 ipsum

346 2595 551 2679 Salvatorem
574 2598 627 2683 qui
651 2599 736 2662 venit
759 2596 796 2664 ad
826 2597 976 2662 auxilium
1001 2613 1031 2662 et
1056 2595 1278 2663 formationem
1304 2598 1432 2662 matris

345 2703 510 2789 ipsorum?
556 2704 672 2770 Utrum
685 2704 773 2792 quasi
789 2704 850 2769 sint
866 2703 918 2769 isti
933 2701 1107 2768 infimiores
1131 2703 1268 2784 illorum,
1292 2720 1323 2769 et
1342 2702 1414 2770 ideo

261 2849 264 2854 ·
344 2807 491 2896 indignos
516 2833 584 2875 esse
611 2811 758 2875 Aeonum
790 2809 994 2898 appellatione
1018 2825 1047 2875 et
1071 2832 1224 2876 numero:
1248 2827 1301 2875 aut
1323 2812 1413 2898 quasi

346 2916 491 2981 meliores
505 2917 566 2981 sint
578 2933 607 2981 et
623 2915 801 2983 differentes
812 2916 865 2981 ?(⁵)
911 2915 970 2982 Sed
984 2915 1084 2981 infimi
1102 2913 1230 3002 quidem
1247 2915 1412 3004 quomodo

345 3023 430 3103 fient,
457 3025 510 3110 qui
535 3024 628 3088 etiam
656 3025 687 3088 in
711 3021 860 3089 fixionem
884 3039 914 3088 et
938 3021 1191 3088 emendationem
1216 3023 1411 3109 reliquorum

345 3131 451 3197 emissi
476 3132 566 3196 sunt?
623 3130 773 3197 Meliores
805 3147 909 3196 autem
942 3151 1049 3196 rursus
1072 3130 1173 3216 prima
1197 3146 1227 3194 et
1250 3130 1413 3217 principali

381 3370 423 3435 (a)
443 3367 496 3421 Csr.
516 3367 536 3432 Ι,
551 3382 590 3432 111,
609 3384 631 3435 5,
647 3385 671 3438 p.
688 3382 731 3438 94,
747 3379 803 3420 not.
825 3381 848 3435 5.
905 3367 932 3419 in
947 3367 1070 3419 omnibus
1085 3365 1180 3436 Epiph.
1201 3365 1334 3418 codicibus
1346 3365 1412 3436 legi-

381 3455 423 3519 (2)
443 3452 496 3505 Csr‘
512 3453 532 3517 I,
548 3467 575 3516 11,
593 3468 616 3517 2,
631 3467 662 3518 4;
678 3463 704 3505 et
720 3468 747 3516 x,
767 3469 787 3504 1.
905 3464 947 3504 tur
965 3454 1088 3521 Σταυρόν.

382 3539 423 3605 (3)
442 3539 534 3604 τυφλῷ
563 3541 646 3603 δῆλον
674 3548 713 3589 est
744 3553 850 3606 prover·
939 3538 981 3603 (ς)
1001 3537 1221 3601 διαφορώτεροιε
1239 3533 1411 3588 excellentio-

346 3621 763 3675 biumGraecisusitatissimum.
797 3619 851 3672 Oc·
904 3637 953 3673 res.
997 3619 1051 3673 Cir.
1070 3619 1091 3685 1,
1110 3634 1198 3682 xxxv,
1221 3635 1230 3672 1
1253 3636 1292 3689 gr.
1310 3649 1347 3658 -
1366 3618 1411 3670 Ia·

346 3707 426 3759 currit
442 3718 467 3758 et
483 3706 510 3758 in
527 3703 615 3774 Odyss.
629 3705 706 3770 Vlll;
724 3705 848 3757 Patron.
897 3705 1012 3774 fimiores
1025 3716 1064 3758 est
1077 3705 1104 3757 in
1117 3704 1270 3758 melioribus
1284 3721 1348 3757 mss.
1361 3721 1410 3758 nec

346 3791 452 3861 Sopla'st.
472 3802 521 3843 etc.
542 3789 697 3861 [Pronnoi.
904 3801 1069 3842 commutare
1102 3789 1163 3842 licet
1196 3789 1225 3841 in
1258 3787 1410 3857 infirmiores

380 3877 422 3944 (a)
442 3875 573 3945 interpres
586 3875 655 3928 male
670 3874 765 3944 legisse
777 3873 850 3925 vide·
904 3873 1019 3941 (Arund.
1039 3885 1066 3926 et
1084 3871 1194 3942 Voss.?)
1218 3872 1269 3924 nisi
1292 3871 1320 3924 in
1339 3887 1410 3943 seqq.

344 3977 386 4019 tur
406 3965 544 4034 compend.
558 3951 759 4030 ΣῖρεΣταυρόν
779 3963 849 4030 (cru-
903 3979 1006 4033 quoque
1028 3961 1125 4030 infirmi
1151 3962 1211 4015 loco
1229 3961 1311 4030 infimi
1335 3979 1410 4032 repo-

344 4051 422 4118 cem).
457 4050 506 4103 Hic
519 4065 592 4102 error
610 4048 638 4101 in
657 4047 733 4101 codd.
748 4047 849 4118 graecis
903 4058 989 4110 natur,
1017 4058 1109 4098 contra
1137 4045 1258 4100 omnium
1288 4046 1410 4100 codicum

344 4135 484 4205 singularis
496 4151 551 4187 non
564 4145 615 4186 est:
630 4133 665 4186 ita
679 4151 703 4184 v.
714 4149 739 4202 g.
753 4132 845 4196 l,111,5
905 4130 994 4195 fidem,
1015 4130 1064 4183 etsi
1091 4129 1201 4183 sortasse
1228 4130 1257 4183 iu
1280 4129 1411 4183 maiorem

345 4221 381 4289 (p.
402 4233 444 4289 95,
470 4219 516 4270 liu.
537 4233 551 4270 2
575 4218 630 4288 gr.)
656 4219 715 4270 loco
739 4220 851 4282 Σωτῆρα
904 4233 965 4268 cum
983 4214 1089 4285 reliquis
1109 4215 1319 4268 consonantiam.
