3288 5060
340 459 404 526 240
628 458 756 505 lRENAEl
775 458 936 505 ADVERSUS
955 457 1111 504 HAERESES
1258 455 1342 524 [XXL
1357 469 1409 521 Η

338 672 438 739 neque
462 650 643 732 animalem,
673 652 824 739 quoniam
847 667 879 717 et
901 651 1006 716 anima
1029 649 1068 717 de
1091 648 1159 716 labe
1183 665 1241 730 est,
1265 648 1323 740 [et]
1348 650 1412 738 spi-

338 757 416 825 ritds
435 756 521 823 velut
539 754 764 823 habitaculum:
785 756 956 845 spiritalem
976 779 1053 844 ergo
1071 771 1216 843 oportere
1237 772 1266 822 et
1285 755 1412 823 rodem·

339 863 481 950 ptionem
510 883 588 929 esse.
644 861 768 930 Redimi
801 863 886 932 enim
919 883 974 950 per
1002 862 1196 949 agnitionem
1226 861 1411 927 interiorem

339 968 505 1036 hominem
530 968 711 1056 spiritalem,
735 985 766 1035 et
789 966 934 1036 sufficere
957 969 1002 1035 eis
1029 969 1252 1034 universorum
1276 968 1412 1056 agnitio-

340 1098 429 1142 nem:
453 1091 484 1141 et
503 1073 583 1142 hanc
606 1097 675 1141 esse
697 1074 948 1163 redemptionem
968 1074 1134 1142 veram.(¹)

410 1201 438 1269 5.
485 1180 590 1272 [WH.
603 1181 697 1262 XIV,
709 1181 755 1272 4].
802 1182 1074 1264 Queurnuonun
1098 1201 1330 1261 mnuuureos
1349 1201 1410 1254 our

340 1309 396 1355 ster
418 1308 584 1368 cnnnuu‘r,
609 1307 649 1354 nr
671 1307 788 1362 oureus
810 1305 1008 1354 sennonteus
1035 1307 1203 1354 utuntur.
1250 1286 1314 1353 Alii
1336 1303 1411 1352 sunt

340 1395 399 1484 qui,
418 1411 562 1462 mortuos
573 1394 606 1449 (θ
634 1393 793 1461 redimunt
815 1391 853 1460 ad
876 1391 973 1462 finem
1004 1391 1225 1472 defunctionis,
1249 1394 1410 1460 mittentes

339 1523 452 1568 eorum
482 1498 634 1588 capitibus
656 1500 764 1567 oleum
791 1517 822 1567 et
845 1499 1011 1589 aquam,<³l
1035 1501 1102 1566 sive
1125 1498 1319 1587 praedictum
1351 1521 1412 1565 un-

340 1622 492 1696 guentum
516 1629 589 1674 cum
614 1629 703 1695 aqua,
726 1623 854 1673 etcum
877 1605 1061 1695 supradictis
1085 1603 1348 1685 invocationibus,
1374 1621 1410 1671 ut

340 1711 672 1802 incomprehensibiles
691 1729 722 1780 et
741 1711 913 1779 invisibiles
936 1711 1127 1800 principibus
1150 1729 1181 1778 et
1205 1708 1410 1800 potestatibus

340 1819 426 1900 fiant,
449 1834 480 1886 et
503 1834 538 1886 ut
560 1816 799 1906 superascendat
818 1841 909 1907 super
928 1817 1094 1886 invisibilia
1113 1819 1243 1886 interior
1266 1820 1409 1907 ipsorum

339 2017 467 2079 καὶτοῦ
492 2014 660 2100 mlum
685 2016 789 2100 ὥσπερ
815 2013 1001 2100 οἱνιητλριον·
1030 2019 1235 2100 πνευματικὴν
1265 2017 1317 2078 οὖν
1347 2016 1410 2079 δεῖν

339 2123 392 2186 καὶ
414 2125 468 2206 τὴν
489 2120 633 2206 λΰτρωοιν
654 2121 817 2207 ὑπάρχειν·
840 2121 1024 2206 λυτροῦσθαι
1048 2125 1106 2206 γὰρ
1129 2122 1178 2185 διὰ
1200 2121 1339 2207 γνώσεως
1356 2127 1409 2186 τὸν

340 2229 402 2294 ἔσω
424 2228 585 2313 ἄνθρωπον
606 2231 658 2292 τὸν
679 2231 890 2312 πνευματικὸν,
913 2229 966 2293 καὶ
989 2228 1149 2314 ἀρκεῖσθαι
1168 2230 1275 2306 αὐτοὺς
1292 2240 1329 2313 τῇ
1348 2239 1408 2292 τῶν

340 2333 419 2397 ὅλων
437 2333 613 2417 ἐπιγνώσει·
632 2336 685 2398 καὶ
702 2335 812 2418 ια’ντην
831 2335 903 2398 εἶναι
920 2332 1065 2418 λύτρωσιν
1084 2334 1198 2418 ἀληθῆ.

411 2459 439 2524 5.
463 2437 549 2528 [....
573 2443 642 2517 τοὺς
663 2441 863 2516 τελευτῶντες
967 2450 1020 2504 καὶ
1042 2441 1093 2504 ἐπὶ
1114 2443 1208 2526 αὐτὴν
1229 2444 1282 2525 τὴν
1307 2439 1409 2518 ἔξοδον

340 2545 511 2628 φθάνοντας
622 2545 795 2631 λυτροῦνται
901 2547 1002 2610 ἔλαιον
1021 2547 1105 2610 ὕδατι
1128 2545 1262 2631 μίξαντες
1284 2546 1408 2632 ἐπιβάλ-

340 2652 426 2717 λουσι
455 2663 492 2738 τῇ
522 2653 643 2738 semp
665 2663 717 2718 τοῦ
740 2651 926 2730 ἐξελθόντος.
981 2651 1019 2718 Οἱ
1048 2653 1081 2716 δὲ
1112 2652 1204 2738 μύρον
1226 2658 1260 2718 τὸ
1282 2651 1409 2739 λεγόμε-

340 2779 390 2824 νον
493 2763 545 2824 καὶ
567 2761 646 2845 ὕδωρ
668 2763 721 2846 τὴν
826 2758 984 2844 ἐπίκλησιν
1006 2763 1110 2844 κοινὴν
1131 2761 1253 2846 ἔχοντες
1361 2763 1410 2825 ἵνα

341 2865 436 2950 δῆθεν
452 2915 478 2931 ..
492 2915 518 2932 ..
535 2866 697 2953 ἀκράιητοι
712 2865 854 2951 γένωνται
872 2868 925 2931 ναὶ
940 2863 1061 2952 ἀόρατοι
1077 2877 1140 2944 ταῖς
1156 2870 1218 2933 ἀνω
1233 2869 1341 2954 ἀρχαῖς
1355 2868 1409 2932 καὶ

341 2970 498 3056 ἐξουσίαις,
510 2974 552 3051 εἰς
562 2977 596 3038 τὸ
606 2973 768 3060 ὑπερβῆναι
779 2972 914 3057 ἀοράτως
925 2975 976 3038 τὸν
987 2975 1048 3038 ἔσω
1059 2976 1156 3039 αὐτῶν
1171 2973 1332 3060 ἄνθρωπον
1347 3023 1406 3039 ....

378 3167 419 3234 (1)
438 3165 511 3219 Haec
525 3166 616 3236 opinio
628 3165 846 3238 Carpocratiano-
901 3166 929 3219 in
960 3165 1171 3220 confirmatione.
1217 3165 1289 3219 Haec
1316 3166 1407 3219 omnia

342 3266 400 3301 rum
414 3267 517 3321 quoque
531 3249 633 3317 (lietera.
648 3250 727 3302 Hoer.
741 3250 796 3313 XL,
810 3253 847 3318 2).
901 3249 1094 3303 confirmantur
1127 3265 1159 3303 ex
1193 3250 1266 3303 libris
1298 3249 1407 3320 copticis

377 3336 420 3402 (τ)
431 3333 450 3386 l.
461 3351 493 3387 ετ
506 3334 586 3388 morti
595 3335 738 3405 proximos.
769 3335 847 3397 Quae
901 3350 979 3404 saepe
1000 3333 1102 3398 citatis;
1124 3333 1170 3387 cfr.
1190 3351 1215 3388 ν.
1235 3351 1261 3405 g.
1288 3331 1364 3386 Pa'stis
1380 3333 1407 3387 S.

341 3427 486 3486 sequuntur
509 3430 570 3471 sunt
591 3433 625 3470 ex
651 3416 742 3470 Eunu.
768 3415 847 3471 Haer.
902 3434 924 3470 c.
951 3432 997 3483 14¹
1025 3434 1095 3489 sqq.;
1121 3417 1196 3471 Liber
1223 3416 1277 3482 led,
1301 3431 1333 3484 45
1351 3433 1407 3488 sqq.

341 3498 465 3566 XXXVI,
483 3515 531 3569 2-3
553 3501 789 3568 (Heracleonitae).
901 3502 937 3554 At
954 3502 998 3572 qui
1011 3502 1161 3556 huiusmodi
1175 3517 1231 3555 rem
1245 3502 1336 3556 sedulo
1350 3519 1407 3573 per-

276 3585 281 3594 '
377 3583 516 3654 (3)Habes
526 3585 605 3656 igitur
615 3597 716 3657 praeter
726 3598 847 3639 nostrum
902 3601 1010 3656 pensam
1033 3585 1152 3639 habuerit
1174 3602 1320 3656 numquam
1339 3585 1407 3638 dicet

340 3669 511 3739 baptismum,
543 3671 611 3740 apud
640 3669 782 3724 Gnosticos
808 3687 847 3722 re·
902 3683 1067 3725 sacramenta
1089 3688 1122 3724 ex
1145 3671 1187 3724 bis
1211 3671 1338 3734 derivata,
1362 3670 1407 3723 sed

340 3753 504 3807 demtionem
543 3765 569 3807 et
607 3753 847 3818 confimratlonem,
902 3757 989 3826 potius
1008 3773 1040 3810 ex
1061 3756 1180 3820 adverso,
1199 3767 1227 3808 ut
1250 3754 1340 3808 Patres
1354 3770 1408 3807 uno

341 3855 371 3891 ac
392 3838 564 3891 morientium
585 3839 732 3894 unctiones.
768 3838 794 3892 si
814 3839 848 3891 ri·
902 3858 948 3895 ore
959 3841 1175 3912 praedicant;vel
1184 3841 1278 3894 saltem
1292 3840 1408 3893 «utrim-

340 3933 383 3976 tus
406 3921 526 3976 conferas
544 3923 618 3994 plura
642 3923 761 3977 invenies
779 3923 848 3977 chri·
905 3943 979 3996 uque
997 3926 1177 3980 evolutionem
1199 3924 1349 3996 liturgicam
1368 3924 1407 3977 in·

341 3999 433 4060 stianis
470 4008 641 4062 sacramentis
682 4009 845 4072 communia,
905 4010 1107 4080 «dependenter
1131 4021 1265 4081 peractam
1288 4007 1367 4061 fuisse
1393 4025 1409 4062 e

341 4091 426 4145 immo
444 4108 493 4145 nec
508 4092 581 4146 deest
595 4091 670 4160 (Exc.
691 4091 781 4145 ilreod.
800 4099 846 4157 22)
903 4113 917 4142 α
927 4093 1112 4146 communibus
1123 4091 1273 4156 exordiisn3
1288 4091 1408 4156 Aristeu,

341 4176 477 4246 impositio
507 4193 635 4230 manuum
669 4175 844 4248 (χειροθεσία)
900 4178 917 4230 Ι.
937 4193 958 4229 c.
976 4195 999 4248 p.
1020 4189 1076 4242 τοι.
