3172 5044
361 430 400 514 38
774 446 1013 494 rnotsooueun

358 646 475 720 bitato
503 661 607 741 patet
634 642 820 740 exemplo
879 643 989 744 Nam,
1020 643 1121 740 quod
1142 657 1231 715 ante
1259 659 1425 715 nostram

356 787 518 844 aetatem
538 795 675 844 vanum
704 785 786 843 erat
808 785 1061 865 exspectasse,
1083 767 1242 841 alterurn
1262 793 1309 842 ex
1328 792 1426 866 gno-

356 894 458 967 sticis
486 894 672 991 operibus,
704 917 800 990 quae
829 907 916 966 ante
936 892 981 964 lr.
1003 906 1158 964 exarata
1180 906 1276 974 sunt,
1299 891 1426 964 denuo

358 1019 393 1091 in
409 1020 530 1092 lucem
546 1017 710 1116 prodidit
724 1018 939 1092 curantibus
954 1016 1165 1092 Reinhardt
1182 1032 1221 1090 et
1240 1017 1423 1100 Schmidt,

359 1144 421 1240 qui
451 1141 540 1217 illud
568 1169 616 1217 ex
645 1143 793 1240 coptico
822 1142 985 1240 quodam
1014 1167 1160 1239 papyro
1178 1142 1425 1214 transcriben-

358 1269 447 1341 dum
475 1282 731 1364 susceperunt.
790 1267 859 1339 Est
897 1291 1032 1363 nempe
1064 1265 1315 1363 Evangelium
1344 1265 1425 1336 Ma-

359 1393 435 1466 riae
478 1392 586 1490 (alias
626 1393 899 1490 Apocryphum
941 1391 1120 1489 Ioannis),
1166 1392 1271 1464 cuius
1313 1415 1425 1487 quos·

359 1519 445 1591 dam
474 1519 578 1591 locos
606 1517 642 1590 in
671 1501 826 1590 latinum
862 1542 993 1590 versos
1022 1518 1066 1589 Ir.
1096 1517 1222 1590 verbis
1250 1517 1287 1588 in
1315 1532 1422 1588 textu

358 1643 602 1716 subneximus
632 1644 712 1736 (cfr.
744 1644 769 1726 I,
802 1667 881 1738 cap.
913 1641 1076 1738 XXIX).

439 1767 585 1860 Quibus
621 1767 748 1862 utique
785 1765 960 1864 perlectis
987 1782 1092 1863 patet
1132 1790 1297 1863 quonam
1325 1765 1424 1838 iusto

358 1893 478 1989 pretio
519 1893 593 1965 sint
633 1892 866 1966 aestimanda
912 1917 1009 1988 quae
1052 1892 1096 1963 Ir.
1141 1917 1189 1964 ex
1232 1883 1425 1964 Gnosticis

359 2017 493 2114 prodit.
552 2016 627 2110 Qui
658 2043 792 2114 nempe
821 2033 950 2089 eorum
971 2015 1136 2113 prolixas
1154 2013 1422 2098 enarrationes,

358 2142 523 2216 breviter
557 2142 709 2239 quidem
743 2142 939 2225 contrahit,
971 2157 1010 2214 at
1037 2167 1219 2239 perquam
1253 2139 1422 2223 fideliter,

359 2267 410 2340 ita
438 2283 478 2340 ut
498 2265 638 2341 nullum
658 2269 735 2340 fere
755 2268 911 2340 verbum
929 2267 1093 2364 proferat
1114 2261 1216 2362 quod
1235 2264 1271 2337 in
1293 2290 1423 2338 eorum

359 2392 505 2489 scriptis
525 2417 599 2465 non
614 2393 807 2466 habeatur.
865 2391 960 2464 Sunt
980 2391 1065 2464 ideo
1085 2415 1182 2487 quae
1203 2392 1250 2462 ab
1275 2415 1321 2462 eo
1341 2415 1428 2487 sup-

358 2515 572 2614 peditantur
590 2516 755 2613 optimae
776 2531 887 2588 notae
907 2515 1146 2589 elementa
1164 2516 1211 2587 ad
1233 2513 1427 2587 historiam

359 2665 524 2740 gnoseos
553 2613 833 2714 restituendam.

439 2765 525 2837 Non
564 2765 614 2836 ita
650 2780 774 2837 tamen
813 2779 852 2836 ut
891 2766 934 2836 Ir.
975 2765 1136 2849 unice,
1178 2763 1214 2835 in
1252 2763 1323 2835 hoc
1361 2787 1429 2834 ne·

359 2888 476 2985 gotio,
517 2888 631 2962 fidere
673 2890 887 2971 debeamus,
927 2887 1031 2985 quasi
1071 2912 1205 2983 nempe
1244 2885 1279 2958 in
1309 2910 1428 2982 opere

359 3012 454 3086 illius
499 3014 665 3085 absoluto
708 3012 863 3085 historia
905 3011 1137 3110 gnosticismi
1179 3010 1426 3084 describatur.

359 3138 400 3209 ld
430 3137 529 3210 enim
559 3163 627 3210 nec
656 3137 736 3234 ipse
765 3162 793 3208 s.
824 3135 1024 3234 episcopus
1054 3135 1088 3207 in
1120 3150 1245 3207 mente
1273 3134 1423 3207 habuit:

360 3259 421 3357 qui
451 3287 630 3357 praesens
659 3277 803 3334 tantum
833 3259 958 3333 ovium
978 3285 1128 3332 suarum
1148 3257 1430 3332 bonuminten·

318 3381 321 3386 ’
360 3385 464 3468 dens,
487 3411 533 3458 ea
560 3401 704 3459 tantum
734 3385 853 3458 innuit
872 3411 969 3482 quae
998 3385 1045 3458 ad
1074 3384 1348 3458 haereticorum
1369 3383 1428 3456 sui

359 3510 540 3606 temporis
576 3528 789 3583 commenta
818 3509 1039 3583 elucidanda
1067 3534 1111 3582 ac
1140 3507 1346 3582 refellenda
1374 3507 1430 3580 in-

360 3635 584 3708 serviebant.
643 3634 768 3729 Quod‚
801 3651 841 3707 ut
868 3635 1024 3707 efficiat:

494 3763 535 3856 a)
565 3759 750 3858 permulta
778 3760 909 3832 miscet
937 3785 985 3830 ex
1005 3757 1161 3831 diversis
1181 3757 1345 3830 fontibus
1365 3781 1433 3853 pe-

360 3884 428 3957 tita
456 3899 496 3956 ut
526 3885 647 3982 magis
666 3885 814 3980 integre
842 3883 1011 3955 doctrina
1030 3907 1160 3954 eorum
1182 3880 1430 3978 percipiatur:

361 4008 492 4081 sedulo
530 4007 644 4106 igitur
681 4006 929 4079 discernenda
965 4021 1051 4077 sunt
1085 4004 1234 4101 singula
1270 4029 1314 4076 ac
1351 4003 1434 4076 suis

360 4157 532 4229 quaeque
561 4131 775 4205 auctoribus
803 4131 1018 4203 tribuenda:
1051 4131 1102 4202 ita
1128 4155 1163 4200 v.
1195 4155 1232 4226 g.
1264 4142 1437 4224 systema
