3288 5060
262 470 452 540 (x1x‚1-3).]
680 473 769 519 tisun
793 472 907 518 Puuuus
1263 473 1325 539 257

261 669 299 734 Et
322 667 466 756 gentibus
485 670 626 756 ipsorum
646 685 751 734 autem
770 669 949 756 apparuisse
973 691 1047 735 eum
1067 670 1100 734 in
1123 684 1203 735 terra
1223 668 1329 736 homi-

261 799 346 858 nem,
376 793 407 842 et
437 778 567 842 virtutes
597 774 773 864 perfecisse.
838 775 1040 862 Quapropter
1066 799 1166 864 neque
1200 799 1327 864 passum

262 906 346 964 eum,
366 882 419 950 sed
439 884 605 950 Simonem
623 880 793 970 quemdam
813 881 1013 968 Cyrenaeum
1037 883 1230 970 angariatum
1254 905 1328 969 por-

261 1005 342 1054 tasse
364 1010 491 1056 crucem
514 990 580 1055 eius
604 1010 661 1075 pro
685 1010 737 1054 eo:
762 1004 792 1053 et
816 985 899 1052 hunc
923 986 1095 1056 secundum
1116 989 1326 1074 ignorantiam

262 1112 291 1162 et
314 1118 452 1162 errorem
477 1093 671 1174 crucifixum,
695 1092 950 1180 transfiguratum
970 1093 1007 1160 ab
1026 1117 1075 1174 e0‚
1100 1095 1143 1160 uti
1169 1111 1327 1182 putaretur

261 1203 327 1289 ipse
350 1225 418 1268 esse
442 1202 542 1269 Iesus:
567 1218 597 1268 et
620 1203 724 1288 ipsum
748 1217 853 1266 autem
877 1201 981 1266 Iesum
1009 1201 1148 1268 Simonis
1172 1203 1327 1289 accepisse

263 1307 410 1390 formam,
426 1326 457 1375 et
472 1325 606 1375 stantem
629 1309 761 1374 irrisisse
778 1308 884 1374 eosl‘)
930 1309 1093 1389 Quoniam
1118 1309 1203 1374 enim
1227 1310 1326 1374 virtus

262 1416 466 1504 incorporalis
482 1433 546 1482 erat
562 1433 592 1481 et
609 1417 677 1482 Nus
694 1417 791 1481 innati
811 1416 921 1496 Patris,
942 1414 1196 1502 transfiguratum
1216 1439 1328 1503 quem-

262 1522 433 1590 admodum
454 1523 556 1605 vellet,
576 1540 606 1589 et
625 1524 667 1589 sic
688 1522 864 1589 ascendisse
883 1521 921 1589 ad
940 1547 1014 1588 euna
1031 1525 1083 1610 qui
1102 1525 1228 1590 miserat
1244 1548 1328 1604 eum,

262 1627 455 1695 deridentem
475 1652 541 1708 eos,
557 1653 656 1718 quum
674 1630 772 1695 teneri
789 1651 853 1694 non
869 1645 985 1716 posset,
1009 1646 1038 1696 et
1063 1629 1227 1696 inuisibilis
1246 1649 1327 1696 esset

263 1734 420 1802 omnibus.
468 1736 506 1802 Et
525 1734 671 1801 liberatos
695 1736 789 1822 igitur
808 1757 863 1800 eos
886 1736 939 1823 qui
964 1735 1039 1801 haec
1056 1739 1154 1802 sciant
1178 1759 1195 1802 a
1219 1736 1327 1804 mundi

265 1840 497 1908 fabricatoribus
513 1839 719 1930 principibus:
737 1857 766 1907 et
782 1865 847 1908 non
867 1858 1011 1929 oportere
1027 1841 1172 1909 confiteri
1186 1867 1260 1909 eum
1276 1846 1328 1931 qui

265 1950 302 2015 sit
318 1947 492 2031 crucifixus,
512 1949 564 2016 sed
584 1973 658 2015 eum
677 1950 731 2037 qui
750 1950 782 2014 in
802 1949 939 2015 bominis
958 1949 1058 2016 forma
1077 1951 1209 2031 venerit,
1226 1969 1256 2017 et
1275 1975 1331 2040 pu-

264 2073 344 2122 tatus
363 2057 402 2121 sit
426 2055 601 2136 crucifixus,
625 2073 656 2122 et
679 2072 809 2121 vocatus
826 2056 865 2121 sit
880 2056 978 2137 IesuS,
998 2073 1028 2122 et
1048 2057 1164 2123 missus
1188 2081 1205 2124 a
1228 2058 1329 2139 Patre,

186 2145 189 2152 ¹
266 2164 307 2228 uti
331 2185 385 2250 per
408 2162 646 2250 dispositionem
670 2161 750 2228 lianc
774 2185 867 2250 opera
891 2160 1000 2228 mundi
1025 2162 1247 2230 fabricatorum
1267 2163 1330 2231 dis-

266 2270 453 2336 solvente)
499 2271 530 2336 Si
554 2271 623 2357 quis
638 2269 742 2356 igitur,
759 2270 811 2348 ait,
831 2268 998 2335 confitetur
1017 2269 1213 2351 crucifixum,
1229 2271 1328 2338 adbuc

265 2375 314 2442 hic
331 2399 439 2442 servus
456 2394 512 2456 est,
536 2393 566 2441 et
585 2374 643 2440 sub
658 2392 809 2462 potestate
825 2399 935 2442 eorum
951 2379 1004 2464 qui
1023 2400 1154 2465 corpora
1172 2377 1329 2446 fecerunt:

265 2485 317 2572 qui
336 2499 440 2550 autem
460 2485 629 2572 negaverit,
654 2482 798 2549 liberatus
818 2501 864 2550 est
887 2484 1013 2572 quidem
1034 2484 1072 2552 ab
1088 2484 1147 2565 his,
1168 2489 1330 2573 cognoscit

264 2606 368 2656 autem
385 2590 623 2679 dispositionem
640 2591 737 2656 innati
756 2591 865 2656 Patris.
950 2617 952 2624 ·

334 2717 361 2784 5.
386 2695 489 2787 [WH.
510 2697 601 2776 XIX,
624 2697 669 2787 3].
716 2698 850 2764 Animae
870 2716 974 2764 autem
990 2721 1101 2764 eorum
1121 2699 1179 2766 soli
1197 2724 1266 2766 esse
1284 2725 1333 2766 sa-

266 2802 380 2883 lutem;
400 2825 513 2890 corpus
532 2805 614 2869 enim
633 2819 741 2869 natura
757 2802 955 2892 corruptibile
973 2805 1101 2870 exsistit.
1149 2806 1333 2893 Prophetias

264 2926 369 2975 autem
391 2926 422 2976 et
445 2910 526 2997 ipsas
546 2933 562 2974 a
579 2909 689 2977 mundi
705 2908 940 2976 fabricatoribus
961 2909 1055 2977 fuisse
1072 2912 1112 2976 ait
1130 2912 1331 3000 principibus,

301 3118 342 3182 (r)
363 3115 452 3168 Enna.
473 3114 571 3178 xxm,
593 3131 619 3182 3:
636 3119 703 3184 Οὐχὶ
719 3118 771 3184 Ἰη-
825 3117 937 3169 omnino
955 3129 1033 3170 tacet.

265 3206 327 3252 σοον
336 3203 506 3264 πεπονθέναι,
519 3203 591 3252 ἀλλὰ
604 3200 708 3264 Σίμωνα
723 3205 769 3254 τὸν

266 3287 426 3352 Κυρηναῖον.
435 3324 441 3337 .
450 3323 471 3337 ..
484 3289 513 3338 ἐν
525 3292 562 3352 τῷ
577 3288 715 3350 βαστάζειν
724 3289 771 3338 τὸν

266 3373 384 3434 σταυρόν,
394 3374 664 3439 μεταμεμορφωνένοι
676 3375 713 3434 εἰς
726 3371 771 3422 τοῦ

266 3455 360 3506 ἑαυτοῦ
380 3453 492 3523 [Ἰησοῦ]
514 3459 593 3517 εἶδος,
611 3459 658 3506 καί
676 3459 771 3507 ἑαυτὸν

267 3541 303 3600 εἰς
315 3541 361 3589 τὀν
373 3541 519 3602 Σίμωνα...
534 3541 638 3590 ἐκείνου
651 3541 681 3590 at
695 3555 771 3591 σταυ-

266 3625 391 3686 ρωμένοο,
407 3626 515 3689 ἑστήκει
533 3626 707 3688 κατάνεικρυς
726 3626 771 3676 ἀο-

266 3709 351 3775 ράτως
370 3709 384 3757 ὁ
403 3707 515 3774 Ἰησοῦς,
537 3709 697 3773 καταγελῶν
720 3714 772 3760 τῶν

265 3793 311 3842 τὀν
338 3789 443 3856 Σίμωνα
471 3795 658 3856 στασροὺντων.
701 3791 772 3844 Num

266 3889 330 3926 vero
348 3874 404 3944 ipse
423 3874 451 3925 B.
471 3874 540 3926 hanc
559 3875 772 3927 substitutionem

266 3957 383 4011 docuerit
398 3960 546 4021 annon,vel
555 3959 640 4028 potius
653 3959 773 4028 discipuli

266 4041 330 4106 eius,
349 4042 436 4112 plures
455 4053 526 4094 recte
544 4042 675 4095 dubitant.
713 4042 773 4095 Cle·

267 4141 342 4179 mens
369 4126 476 4196 quidem
500 4127 543 4196 qui
569 4143 646 4196 saepe
670 4127 703 4180 de
727 4127 774 4180 do·

266 4211 377 4264 cetismo
396 4211 424 4263 B.
444 4226 596 4264 sermonem
620 4211 698 4264 habet
722 4211 773 4264 hoc

861 3205 903 3268 (a)
923 3201 1032 3253 Traron.
1053 3202 1069 3254 l.
1083 3217 1120 3254 c.:
1134 3205 1234 3273 Χρῆναι
1247 3207 1277 3255 οὲ
1291 3221 1331 3256 ru-

827 3288 927 3338 στεύειν
946 3289 996 3338 odat
1014 3291 1052 3349 εἰς
1070 3289 1115 3338 τὸν
1130 3290 1330 3360 ἰοταορωμένον

826 3369 856 3435 (i.
867 3386 889 3422 e.
897 3369 1057 3434 Simonem),
1067 3372 1129 3422 ἀλλ’
1138 3377 1175 3435 εἰς
1184 3375 1230 3425 τὀν
1240 3376 1332 3425 tueari-

826 3456 929 3522 ρῶσθαι
959 3457 1075 3516 δόξαντα
1103 3455 1231 3524 (lesum):
1261 3460 1331 3510 οὕτω

825 3541 877 3605 γὰρ
888 3579 894 3591 .
907 3579 930 3593 ..
955 3543 1066 3593 δυνατὸν
1092 3547 1140 3608 τῆς
1163 3549 1215 3594 τῶν
1233 3557 1333 3608 κοσμο-

826 3630 908 3676 ποιῶν
945 3625 1099 3689 δυναστείας
1133 3629 1333 3693 ἀπαλλαγῆναι.

826 3708 934 3762 Utiliter
953 3709 1071 3763 conferes
1090 3711 1224 3763 doctrinas
1245 3710 1335 3763 Sator-

826 3793 873 3845 nili
897 3807 922 3846 et
947 3793 1080 3846 Basilidis:
1103 3795 1130 3846 in
1150 3795 1199 3847 bac
1224 3795 1276 3847 iam
1302 3795 1334 3846 ad

828 3893 961 3929 summum
971 3877 1337 3947 perducituroppositiointer

827 3961 968 4014 materiam
984 3974 1009 4014 et
1027 3963 1156 4033 spiritum,
1171 3963 1196 4014 id
1212 3962 1280 4032 quod
1296 3962 1335 4013 vi·

827 4046 912 4110 detur,
932 4057 957 4098 et
978 4047 1003 4098 id
1023 4047 1092 4117 quod
1112 4047 1223 4116 intelligi
1248 4047 1334 4110 debet,

828 4128 855 4179 in
866 4144 917 4198 quo
927 4139 1032 4180 tantum
1046 4141 1084 4181 est
1095 4129 1178 4181 salus:
1192 4129 1272 4199 igitur
1282 4129 1336 4181 iam

827 4213 918 4281 gnosis
932 4212 958 4264 in
972 4215 1078 4283 proprio
1092 4230 1169 4266 sensu
1183 4214 1301 4266 habetur.
