3230 5062
343 417 402 502 148
628 435 756 483 IRENAEI
779 436 938 482 ADVERSUS
962 437 1117 484 HAERESES
1310 438 1368 507 [IX,
1388 451 1405 502 4

337 629 479 698 versibus
499 631 636 698 scribens
647 632 680 684 (ί)
702 632 743 696 ita
762 630 856 720 (nihil
876 633 962 698 enim
982 629 1125 720 prohibet
1149 633 1283 721 exempli
1307 635 1404 721 gratia

337 739 584 804 commemorari
598 755 628 804 et
643 736 770 818 horum,
794 761 892 825 quum
912 738 952 803 sit
968 737 1079 805 similis
1094 752 1124 804 et
1139 737 1249 805 eadem
1265 740 1404 828 utrisque

337 844 641 933 argumentatio):(²l

479 969 550 1022 Haec
570 969 612 1022 ubi
631 969 700 1022 dicta
720 967 800 1034 dedit,
820 969 908 1022 emisit
927 969 1019 1023 limine
1039 968 1150 1023 flentem

479 1059 619 1112 Herculem
638 1057 778 1122 invictum,
798 1075 957 1128 magnarum
976 1075 1031 1112 non
1050 1059 1163 1112 inscium
1183 1077 1281 1124 retum,

477 1145 641 1218 Eurystheus
659 1158 737 1200 natus
756 1146 882 1200 Sthenelo
901 1148 1022 1217 prosapia
1041 1147 1139 1214 Persei,

477 1236 616 1288 ducturum
636 1252 668 1288 ex
687 1234 772 1288 Erebo
791 1251 885 1288 canem
903 1236 954 1287 atri
972 1235 1042 1288 Ditis
1061 1237 1093 1288 ad
1113 1253 1198 1290 auras.

478 1323 558 1376 Vadit
577 1334 603 1376 at
623 1323 676 1388 ille,
695 1324 767 1376 velut
786 1324 828 1376 leo
846 1323 960 1376 nutritus
980 1324 1115 1376 montibus
1134 1341 1203 1390 acer,

477 1413 567 1465 urbem
588 1429 634 1482 per
652 1412 784 1465 mediam:
805 1411 862 1465 noti
882 1411 959 1465 simul
978 1429 1072 1466 omnes
1092 1413 1208 1478 abibant,

476 1515 501 1556 et
521 1518 605 1568 senes,
626 1514 652 1555 et
672 1503 754 1572 pueri,
775 1514 801 1555 et
820 1503 940 1555 nondum
958 1514 1057 1573 nuptae
1074 1503 1186 1573 puellae,

478 1591 611 1661 plorantes
628 1591 750 1654 multum,
770 1607 800 1643 nc
819 1591 841 1644 si
861 1601 976 1644 mortem
995 1591 1044 1644 iret
1063 1591 1096 1643 ad
1116 1591 1208 1662 ipsam.

475 1681 620 1734 Mercurius
638 1680 784 1750 praemittit
803 1691 829 1733 et
848 1680 933 1733 caesia
952 1680 1039 1733 Pallas
1056 1691 1178 1734 euntem:

474 1769 582 1822 fratrem
601 1769 699 1822 etenim
720 1769 818 1822 sciebat
837 1781 966 1840 quatenus
985 1769 1061 1822 dolor
1073 1767 1228 1840 exagitaret.

334 1904 418 1985 Quis
442 1924 506 1969 non
530 1926 567 1968 ex
586 1898 780 1990 simplicibus
796 1901 963 1990 abripiatur
979 1900 1017 1968 ab
1041 1901 1222 1969 huiusmodi
1248 1901 1400 1982 versibus,

333 2027 362 2077 et
379 2026 465 2098 putet
481 2010 525 2075 sic
545 2009 617 2074 illos
633 2009 811 2074 Homerum
826 2010 857 2074 in
870 2007 931 2074 hoc
943 2025 1131 2096 argumento
1156 2007 1286 2076 fecisse?
1332 2009 1399 2090 Qui

332 2134 437 2184 autem
457 2117 514 2182 scit
537 2117 717 2196 HomerIca,
743 2131 913 2202 cognoscet
936 2114 1063 2202 quidem
1089 2137 1208 2197 t'ersuS,
1233 2139 1402 2202 argumen-

331 2279 408 2343 κύνα
419 2277 671 2363 reproperata&
684 2286 743 2342 τῶν
755 2277 927 2363 Ὁμηρικῶν
938 2278 1051 2363 στίχων
1062 2279 1184 2363 γράφων
1197 2282 1290 2355 ούτως
1298 2277 1402 2367 (οὐδὲν

331 2387 390 2469 γάρ
400 2381 511 2448 κωλύει
524 2383 764 2469 παραδείγματος
771 2382 858 2469 χάριν
871 2383 1091 2468 ἐπιμνησθῆναι
1101 2386 1154 2448 καί
1162 2385 1283 2467 τούτων,
1295 2383 1400 2469 ὁμοίας

330 2493 382 2570 καί
399 2499 452 2574 της
470 2492 562 2574 αύτης
580 2492 670 2574 οὔσης
689 2489 903 2574 ἐπιχειρήσεως
922 2499 982 2566 τοῖς
1000 2489 1208 2578 ἀμφοτέροις)·

472 2617 520 2679 Ὣς
539 2618 628 2678 εἰπὼν,
647 2618 785 2680 ἀπέπεμπε
805 2618 892 2682 δόμων
912 2613 996 2680 βαρέα
1015 2619 1179 2683 στενάχοντα

474 2705 548 2770 φῶθ’
559 2705 709 2770 Ἡρακλῆα,
728 2705 853 2769 μεγάλων
873 2702 1006 2770 ἐπιίστορα
1026 2708 1120 2775 ἔργων,

472 2795 634 2860 Εὐρυσθεύς,
653 2794 798 2846 suavatas
815 2795 875 2856 πάϊς
894 2795 1065 2860 Περσηϊάδαο

476 2884 504 2943 ἐξ
524 2883 647 2946 Ἐρέβευς
665 2883 764 2942 ἄξοντα
782 2883 850 2932 κύνα
869 2883 995 2948 στυγεροῦ
1016 2883 1119 2936 Ἀίδαο.

473 2973 513 3037 Βῆ
534 2971 633 3036 ρ’ῖμεν,
653 2972 721 3022 ῶστε
740 2971 810 3022 λίων
829 2973 998 3040 ὀρεσίτροφος
1017 2974 1080 3024 άλκί
1097 2974 1244 3037 πεποιθὼς,

470 3060 643 3130 καρπαλίμως
661 3061 712 3111 dud
731 3061 810 3110 datu·
830 3057 903 3124 φὶλοι
922 3061 946 3112 δ’
957 3063 1012 3126 άμα
1029 3064 1127 3125 πάντες
1146 3065 1250 3124 ἕποντο,

472 3149 570 3213 νύμφαι
584 3146 608 3198 τ’
618 3149 708 3212 ἠίθεοί
726 3163 764 3210 τε,
782 3148 944 3210 πολύτλητοί
963 3164 992 3200 τε
1010 3151 1142 3214 γέροντες,

471 3237 554 3302 οῖκτρ’
565 3238 764 3307 ὀλοφυρόμενοι,
784 3239 847 3288 ὡσεί
866 3238 1015 3290 δάνατὸνδε
1033 3242 1135 3292 κίοντα.

471 3324 594 3392 Ἑρμείας
613 3325 636 3377 δ’
647 3329 808 3391 ἀπέπεμπεν,
828 3328 868 3378 tut
886 3327 1041 3392 γλαυκῶπις
1060 3327 1178 3395 Ἀθήνη·

470 3415 535 3478 ᾔδεε
553 3414 605 3477 γὰρ
623 3415 694 3464 κατὰ
713 3413 798 3479 ύυμδν
816 3405 960 3483 ἀδελφεὸν,
979 3416 1015 3476 ῶς
1034 3416 1162 3468 ἐπονεῖτο.

329 3545 383 3622 Τίς
401 3547 457 3610 οὐκ
475 3548 511 3608 ἂν
529 3555 586 3610 τῶν
602 3545 798 3630 ἀπανούργων
813 3546 1016 3632 συναρπαγείη
1032 3548 1091 3611 ὑπὸ
1107 3556 1164 3611 τῶν
1179 3548 1260 3612 ἐπῶν
1274 3547 1395 3628 τούτων,

326 3655 379 3716 καί
401 3655 547 3738 νομίσειεν
571 3656 663 3729 οὓτως
686 3655 763 3716 αὐτὰ
785 3650 921 3737 Ὅμηρον
945 3655 994 3717 επὶ
1016 3652 1125 3738 ταύτης
1147 3663 1201 3738 την
1219 3651 1396 3729 ὑποθέσεως

327 3757 539 3844 πεποιηκέναι;
587 3758 624 3824 Ὁ
656 3758 683 3822 δ’
696 3761 836 3844 ἔμπειρος
862 3769 914 3844 της
946 3757 1112 3845 Ὁμηρικῆς
1135 3757 1312 3836 ὑποδέσεως
1334 3758 1397 3822 ἐπι-

364 3918 403 3986 (ι)
424 3915 443 3970 I.
459 3933 481 3970 e.
495 3916 720 3988 quemadmodum
733 3917 777 3987 qui
790 3917 835 3970 de·
890 3914 921 3970 Il.
941 3915 1014 3982 XIX,
1031 3931 1094 3984 1233
1113 3915 1172 3982 VII,
1197 3915 1261 3984 3683
1282 3915 1330 3969 Od.
1350 3915 1396 3978 VI,

326 4001 428 4072 scripsit
448 4001 588 4054 Herculem
614 4001 725 4054 missum
747 4012 797 4054 etc.
893 4015 956 4069 13o;
985 4001 1018 4054 Il.
1049 4000 1147 4066 XXIV,
1179 4015 1244 4070 327;
1272 3999 1321 4053 Od.
1349 4000 1396 4065 XI,

362 4087 404 4154 (2)
424 4084 521 4140 Versus
537 4085 647 4139 Homeri
667 4085 780 4156 reperies
792 4101 833 4138 re·
891 4085 980 4154 38311.
995 4085 1092 4150 XXIV,
1109 4086 1173 4155 3283
1195 4083 1243 4138 Od.
1262 4084 1309 4150 XI,
1328 4083 1396 4150 625;

327 4170 443 4240 spective
469 4168 518 4224 Od.
542 4171 576 4235 X,
603 4170 652 4239 763
678 4168 751 4235 XXI,
779 4167 830 4235 26;
887 4169 1028 4240 Il.ll,409.
1061 4169 1115 4223 cn.
1129 4170 1270 4224 varietates
1282 4187 1323 4240 ap.
1336 4169 1395 4222 edd.
