3288 5060
339 413 403 480 232
626 413 755 459 lRENAEl
779 413 939 460 ADVERSUS
961 413 1117 460 HAERESES
1184 413 1257 484 [XX,
1271 413 1401 478 2-XKI,1

335 608 407 674 rint.
454 605 567 675 Adhuc
586 606 619 673 in
635 602 773 692 eoquod
797 605 1048 694 appropinquans
1064 606 1101 673 ad
1119 606 1317 674 Hierusalem
1336 607 1406 695 plo-

335 713 449 780 raverit
472 734 564 800 super
587 734 669 794 eam,
693 726 723 777 et
746 708 872 792 dixerit3
901 737 917 774 (ι
933 711 966 779 Si
982 713 1194 800 cognovisses
1212 729 1243 779 et
1261 730 1294 779 tu
1310 711 1406 780 hodie

340 846 356 882 «
372 841 451 908 quae
474 835 546 884 sunt
566 816 603 884 ad
623 839 743 905 pacem,
767 814 947 884 abscondita
965 834 1069 885 autem
1093 835 1165 885 sont
1184 841 1202 884 a
1225 835 1255 884 te
1267 846 1282 882 υ
1290 818 1332 900 ,(1)
1351 843 1407 908 per

335 949 410 992 eum
434 947 615 992 sermonem
634 925 687 1013 qui
706 939 752 990 est
772 922 983 1005 absconditus,
1002 923 1206 1012 apocryphon
1224 925 1318 1012 Bythi
1338 949 1408 992 ma-

336 1031 509 1100 nifestasse.
555 1031 595 1098 Et
613 1032 728 1098 iterum
751 1029 918 1112 dicentem,
941 1057 956 1094 u
972 1030 1087 1099 Venite
1102 1029 1139 1098 ad
1157 1055 1209 1098 me
1224 1033 1406 1121 omnesqui

338 1167 354 1203 a
370 1139 515 1206 laboratis
527 1152 557 1203 et
569 1139 689 1204 onerati
708 1138 793 1218 estis,
811 1134 922 1204 discite
937 1161 954 1204 a
970 1160 1022 1204 me
1036 1139 1103 1216 u‚(²l
1119 1139 1258 1206 veritatis
1278 1139 1405 1205 Patrem

336 1246 546 1312 annuntiasse.
594 1241 691 1324 Quod
712 1245 797 1310 enim
814 1241 1002 1326 nesciebant,
1017 1244 1172 1332 inquiunt,
1191 1245 1252 1311 hoc
1269 1246 1314 1311 eis
1332 1267 1407 1332 pro-

338 1352 423 1418 misit
447 1374 481 1416 se
502 1350 682 1418 docturum.

406 1477 435 1542 3.
464 1456 693 1525 Ostensionem
717 1471 821 1523 autem
851 1457 1060 1544 superiorum,
1079 1473 1111 1522 et
1134 1457 1219 1523 velut
1241 1456 1338 1524 tinem
1358 1479 1408 1524 re-

337 1563 428 1652 gulae
451 1586 525 1630 suae
536 1563 569 1616 (ἲ)
592 1561 726 1630 afferunt
745 1562 837 1630 haec:
860 1590 875 1626 u
896 1561 1059 1630 Confiteor
1074 1562 1130 1629 tibi
1146 1564 1248 1646 Pater,
1265 1565 1407 1631 Domine

342 1685 473 1736 «terrae
496 1687 527 1736 et
549 1668 722 1750 caelorum,
745 1669 896 1757 qnoniam
916 1666 1108 1736 abscondisti
1127 1691 1163 1734 ea
1179 1693 1196 1734 a
1215 1667 1407 1756 sapientibus

343 1801 359 1838 a
377 1791 408 1842 et
430 1773 645 1863 prudentibus,
668 1790 699 1841 et
723 1774 866 1841 revelasti
885 1797 920 1840 ea
935 1775 1083 1862 parvulis.
1130 1775 1176 1840 Ita
1194 1776 1286 1842 Pater
1305 1799 1408 1858 meus,

344 1907 360 1944 (ι
375 1880 527 1967 quoniam
550 1881 582 1946 in
606 1896 774 1968 conspectu
798 1895 854 1946 tuo
877 1879 1025 1967 placitum
1044 1879 1161 1946 factum
1181 1897 1237 1947 est.
1285 1880 1409 1949 Omnia

344 2015 360 2050 «
377 1987 454 2054 milri
477 1986 588 2054 tradita
611 2003 718 2053 sunta
738 1988 847 2053 Patre:
871 2002 902 2053 et
920 2009 1016 2052 nemo
1034 1989 1185 2076 cognovit
1205 1989 1330 2054 Patrem
1347 1989 1409 2053 nisi

338 2165 533 2252 προσσχόντα
560 2168 650 2230 αὐτόν
678 2174 716 2248 τη
743 2163 944 2250 Ἰερουσαλὴμ
973 2157 1122 2250 δακρόσακ
1152 2164 1202 2229 ἐπ’
1221 2168 1324 2252 αὐτὴν,
1354 2168 1409 2230 καὶ

339 2273 449 2338 εἰπεῖν·
475 2298 491 2334 α
503 2273 542 2338 El
559 2273 653 2357 όγνως
669 2275 722 2335 καὶ
740 2275 778 2335 σὺ
800 2271 931 2357 σήμερον
949 2273 987 2333 τὰ
1004 2275 1078 2356 πρός
1097 2272 1224 2358 εἰρήνην,
1243 2271 1356 2358 ἐκρύβη
1374 2274 1409 2337 δὲ

343 2405 358 2442 a
373 2380 435 2444 ἀπό
457 2388 513 2443 σου
528 2401 562 2440 υ·
586 2379 635 2442 διὰ
657 2387 710 2442 τοῦ
739 2403 754 2438 u
767 2377 911 2464 ἐκρόβην
935 2377 1076 2464 ῥήματος,
1100 2382 1135 2444 τό
1158 2381 1334 2465 ἀπόκρυφον
1356 2390 1409 2443 τοῦ

341 2486 447 2552 nuum
476 2484 688 2570 δεδηλωκέναι.
735 2483 799 2549 Καὶ
827 2484 918 2549 πόλιν
948 2486 1088 2552 εἰπόντα
1118 2488 1243 2553 «Δεῦτε
1272 2488 1348 2572 πρός
1371 2509 1410 2572 με

347 2619 362 2653 «
374 2593 483 2669 πάντες
494 2592 521 2656 οἱ
532 2601 697 2669 κοπιῶντες
707 2594 759 2658 καὶ
771 2593 1011 2678 ναρορτισμηνσν,
1027 2596 1081 2658 καὶ
1094 2594 1211 2679 μάθετε
1223 2593 1277 2659 ἀπ’
1289 2594 1364 2679 ἐμοῦ
1380 2618 1408 2676 υ,

341 2703 391 2764 τόν
406 2710 458 2784 τῆς
473 2698 622 2784 ἀληθείας
639 2697 761 2782 Πατέρα
775 2699 1026 2784 κατηγγελκέναι.
1071 2699 1115 2766 '0
1129 2704 1189 2787 γὰρ
1204 2703 1260 2766 οὐκ
1274 2702 1408 2786 ᾔδεισαν,

340 2809 424 2890 φασὶ,
447 2815 536 2870 τοῦτο
559 2807 657 2882 ultore
680 2807 830 2891 ὑπεσχετο
849 2805 982 2883 διδάξειν.

411 2931 439 2998 3.
461 2909 631 2989 Ἀπόδειξιν
646 2911 679 2975 δὲ
695 2919 753 2974 τῶν
766 2911 918 2992 ἀνωτάτω,
933 2913 986 2976 καὶ
1001 2913 1090 2977 οἱονεὶ
1106 2914 1256 2999 κορωνίδα
1269 2923 1323 2997 τῆς
1338 2914 1410 2976 ὑπο-

342 3017 459 3096 δόσεως
466 3021 565 3084 αὐτῶν
575 3017 698 3104 φέρουσι
708 3028 818 3082 ταῦτα·
832 3016 1136 3104 «Ἐξομολογησσμαό
1146 3041 1195 3084 σοι
1205 3019 1316 3105 Πάτερ,
1325 3019 1410 3103 κόριε

348 3152 363 3185 u
376 3133 432 3190 τῶν
448 3129 580 3211 οόρανῶν
591 3127 644 3188 καὶ
661 3135 713 3209 της
730 3134 796 3210 γῆς,
816 3127 860 3190 ότι
878 3123 1056 3210 ἀπέκρυψας
1074 3129 1152 3192 αὐτὰ
1164 3129 1225 3191 ἀπό
1240 3137 1341 3210 σορῶν
1355 3128 1410 3190 καὶ

345 3239 518 3314 «συνετῶν,
541 3233 594 3295 καὶ
616 3231 814 3314 ἀπεκάλυψας
836 3233 914 3295 αὐτόν
935 3231 1068 3316 νηπίοις·
1089 3234 1155 3314 obi,
1175 3233 1192 3297 ό
1211 3232 1319 3316 Πατήρ
1341 3253 1410 3316 μου,

346 3363 361 3399 «
376 3339 420 3401 bct
443 3336 617 3422 ἔμπροσθέν
639 3359 695 3402 σου
718 3335 839 3400 εὐδοκία
862 3336 992 3422 ἐγένετο.
1048 3337 1153 3403 Πάντα
1176 3360 1226 3422 μοι
1251 3339 1409 3424 παρεδόθη

351 3468 367 3504 <t
379 3444 438 3508 ὑπό
460 3453 514 3507 τοῦ
538 3443 658 3529 Πατρός
682 3463 752 3527 μου·
777 3445 830 3508 καὶ
851 3444 947 3520 οὐδεὶς
970 3445 1049 3529 ἔγνω
1066 3449 1116 3510 τόν
1136 3445 1269 3530 Πατέρα,
1288 3447 1315 3510 εἰ
1335 3447 1411 3531 μὴὸ

380 3634 392 3682 l
399 3631 423 3693 r)
437 3629 505 3684 Luc.
520 3629 593 3693 XIX,
606 3644 653 3695 42³
667 3641 694 3682 at
708 3629 852 3699 simplicius
906 3631 1087 3685 ostensionem
1106 3643 1134 3684 ut
1153 3631 1281 3702 vidimus)
1291 3631 1411 3686 Gnostici

346 3715 510 3767 allatum-
524 3712 577 3768 cfr.
597 3726 700 3767 textum
719 3731 851 3785 graecum.
906 3731 1020 3784 quoque.
1058 3715 1214 3769 Notandum
1237 3716 1327 3770 locum
1345 3715 1411 3770 Luc.

382 3799 424 3864 (2)
444 3796 555 3850 Marna
575 3797 623 3862 Xl,
645 3797 678 3850 28
689 3815 727 3869 sq.
746 3798 853 3867 quibus·
907 3797 941 3861 X,
961 3811 991 3852 21
1004 3815 1059 3870 sqq.
1079 3799 1234 3867 (=Marrri.
1254 3799 1301 3864 xl,
1315 3815 1345 3868 25
1360 3802 1412 3870 sq.)

346 3881 408 3934 dam
427 3881 532 3934 omissis
558 3893 585 3934 ut
609 3897 701 3935 sensus
720 3894 854 3952 perverte·
909 3879 1038 3935 Marcioni
1082 3900 1208 3954 perquam
1255 3882 1412 3937 familiarem

347 3979 427 4019 retur.
908 3965 987 4018 luisse
1007 3967 1112 4035 (Eunu.
1131 3969 1149 4020 1.
1168 3967 1213 4034 α).
1251 3967 1369 4021 Attende
1386 3979 1413 4020 et

383 4051 425 4119 (3)
450 4050 555 4104 Habent
573 4067 639 4122 ergo
653 4066 793 4113 canonem,
808 4067 854 4104 seu
909 4050 1058 4115 varietates,
1077 4067 1222 4122 quaecum
1242 4051 1288 4106 illo
1307 4064 1333 4105 et
1352 4067 1413 4104 cum

347 4133 512 4186 didascalicam
526 4133 654 4206 (symboli
670 4151 702 4186 ex
714 4133 855 4204 scripturis
908 4134 1010 4188 Iustino
1029 4151 1184 4189 communes
1202 4147 1271 4189 sunt.
