3288 5060
214 477 300 544 (XVI,
313 477 467 548 3-xv111).]
640 479 730 528 uera
753 481 867 528 anitius
1220 480 1279 548 251

214 676 309 742 veuit.
358 676 425 758 Qui
440 677 576 764 primam
592 672 719 764 quidem
736 677 886 743 virtutem
903 677 1097 764 incognitam
1117 677 1159 744 ait
1177 678 1283 743 omni·

214 780 286 864 bus;
302 805 336 849 se
348 800 453 850 autem
465 803 540 848 eum
552 803 631 862 esse,
648 783 702 870 qui
719 783 835 848 missus
848 783 887 848 sit
899 781 937 848 ab
950 780 1159 850 invisibilibus
1175 783 1283 850 Salva-

213 903 316 954 torem
332 909 390 976 pro
405 887 503 954 salute
522 886 701 954 hominum.
748 886 906 955 Mundum
922 903 1027 956 autem
1042 886 1159 955 factum
1175 886 1213 954 ab
1228 911 1283 954 an-

213 994 305 1082 gelis3
314 1017 394 1082 quos
406 1010 436 1060 et
444 995 521 1082 ipse,
532 993 676 1061 similiter
686 1008 720 1060 ut
729 994 852 1076 Simon,
864 995 903 1061 ab
914 995 1037 1062 Ennoia
1050 996 1184 1061 emissos
1195 993 1280 1060 dicit.

213 1101 296 1168 Dare
314 1123 439 1190 quoque
462 1121 516 1188 per
539 1122 621 1182 eam,
644 1122 755 1187 quaea
775 1099 985 1182 seducentur,
1006 1101 1160 1189 magicam
1181 1101 1282 1166 scien-

212 1209 289 1274 tiam
308 1205 435 1288 addidit,
443 1207 476 1261 (¹)
493 1223 528 1273 ut
555 1223 586 1273 et
611 1207 697 1295 ipsos
721 1208 774 1294 qui
797 1205 953 1274 mundum
982 1205 1130 1288 fecerunt,
1154 1207 1281 1274 vincant

211 1314 350 1401 angelos.
409 1313 682 1382 Resurrectionem
707 1313 803 1396 enim,
823 1335 877 1401 per
903 1311 944 1395 id,
972 1312 1056 1401 quod
1080 1329 1127 1378 est
1150 1313 1182 1379 in
1206 1337 1280 1378 eum

212 1419 375 1508 baptisma,
394 1421 532 1507 accipere
551 1420 618 1485 eius
635 1416 816 1508 discipulos,
836 1436 866 1484 et
890 1419 970 1484 ultra
990 1441 1053 1485 non
1074 1441 1165 1507 posse
1185 1421 1278 1502 mori,

212 1524 265 1593 sed
284 1549 481 1615 perseverare
500 1549 566 1592 non
585 1541 782 1592 senescentes
801 1542 832 1592 et
849 1525 1053 1592 immortales.
1064 1527 1097 1579 (²)

279 1703 358 1772 Cae.
375 1703 496 1770 XXIV.
543 1701 556 1795 l
561 1703 647 1770 WH.
664 1703 697 1769 X
704 1702 789 1769 VIII
792 1702 816 1794 ].
864 1703 1012 1771 Retarro
1028 1725 1097 1770 erus
1116 1725 1205 1778 Quas
1224 1724 1279 1770 esa

210 1831 384 1878 sacuuoun
397 1811 655 1878 Sarunuruun(³)
667 1830 844 1878 uocantur.
884 1831 910 1877 1.
923 1810 970 1877 Ex
982 1810 1030 1877 his
1043 1807 1276 1889 Satuminus‚(⁴)

209 1919 263 2006 qui
281 1916 339 1984 fuit
363 1915 401 1984 ab
419 1917 597 1999 Antiochia,
621 1941 656 1984 ea
672 1940 753 2007 quae
776 1934 822 1985 est
845 1917 925 2006 apud
950 1917 1115 2006 Daphnen,
1139 1934 1170 1984 et
1193 1917 1279 1985 Basi-

210 2023 296 2106 lides,
328 2025 508 2092 occasiones
540 2027 736 2113 accipientes,
766 2024 915 2091 distantes
945 2023 1142 2093 doctrinasss)
1173 2042 1280 2093 osten-

209 2130 339 2212 derunt3
368 2131 446 2198 alter
472 2130 600 2221 quidem
623 2133 657 2198 in
680 2131 781 2218 Syria,
811 2131 888 2198 alter
911 2154 988 2198 vero
1016 2133 1049 2197 in
1073 2131 1277 2224 Alexandria.

210 2237 395 2304 Saturninus
425 2237 564 2326 quidem,
588 2235 731 2305 similiter
757 2254 791 2304 ut
821 2237 1004 2318 Menander,
1027 2261 1127 2304 unum
1151 2239 1276 2306 Patrem

276 2411 398 2496 XXIV,
414 2435 440 2482 1.
479 2415 679 2501 Σατορνεῖλος
690 2415 722 2480 δέ
732 2466 740 2482 .
751 2465 776 2482 ..
794 2415 973 2504 ἐδογμάτισε
985 2425 1106 2482 τοιαῦτα
1121 2415 1210 2482 ὁποῖα
1224 2419 1277 2482 καὶ

210 2521 390 2609 Μένανδρος.
436 2521 529 2609 Λέγει
551 2523 584 2588 δὲ
607 2525 663 2588 ἕνα
680 2518 805 2610 Πατέρα
827 2525 980 2609 ἄγνωστον
998 2535 1058 2602 τοῖς
1075 2535 1165 2589 πᾶσιν
1182 2523 1277 2610 ὑπαρ-

210 2693 403 2760 προβληθῆναι,
418 2696 465 2746 καὶ
479 2695 588 2756 τούτους
606 2695 652 2745 τὸν
670 2695 717 2744 αό-
770 2704 822 2757 tur‚
850 2705 878 2746 ut
903 2704 929 2746 et
954 2693 1023 2763 apud
1051 2691 1223 2747 Valentinum
1249 2694 1276 2746 in

210 2775 493 2848 ομονοημιοναγῆοατ].
518 2776 652 2830 Δύναοθαὶ
658 2793 716 2830 τινα
770 2775 866 2848 fragm.
878 2793 941 2830 mox
955 2778 1049 2841 citato;
1059 2790 1086 2831 at
1097 2777 1173 2830 multi
1186 2777 1276 2832 Patres

208 2865 256 2913 acal
273 2864 360 2914 αὐτῶν
379 2867 431 2914 τῶν
448 2869 617 2926 κοσμοποιίαν
635 2865 715 2929 ἀγγί-
770 2859 803 2915 de
818 2877 881 2914 vera
894 2862 1094 2915 immortalitate
1108 2861 1135 2915 in
1147 2860 1224 2915 terris
1236 2861 1276 2915 in·

209 2949 264 2998 λων
275 2948 470 3013 rapt-{luceiae
534 2950 578 2999 διὰ
590 2953 638 3014 τῆς
650 2949 715 3018 πρὸς
769 2945 902 3016 telligunt.

209 3033 289 3084 αὐτοῦ
306 3035 518 3102 ααραοιοομονης
536 3039 651 3100 μαγικῆς
670 3035 716 3099 ep·
804 3029 846 3102 (3)
856 3029 919 3083 Mss.
928 3031 1020 3100 legunt
1030 3029 1187 3092 Basnrorsr,
1195 3041 1223 3083 ut
1236 3031 1275 3083 in-

208 3113 308 3185 αιιρὶας
382 3119 429 3167 καὶ
448 3119 492 3167 aad
509 3117 555 3168 τοῦ
577 3119 715 3182 peratiae·
769 3113 807 3167 fra
816 3114 1084 3184 n.3Sarunnrnr,sed
1093 3114 1275 3184 inscriptiones

209 3203 288 3262 utvoo
302 3201 366 3270 πρὸς
384 3201 465 3252 αὐτοῦ
479 3199 664 3267 βαπτίσματος,
683 3204 714 3254 οὔ
769 3198 879 3254 fortasse
894 3200 968 3254 sedes
983 3211 1188 3254 commutarunt.

209 3287 269 3348 τοὺς
287 3285 544 3352 αατηξιωμίνονς...
563 3287 714 3338 ἀθανασίαν
806 3285 847 3350 (a)
866 3287 1039 3352 Σατορντίλος
1065 3285 1134 3355 apud
1152 3284 1274 3348 Htrr’ot„

209 3369 374 3433 μεθέξειν...
389 3372 485 3435 μηκέτι
497 3371 713 3436 θνήσκοντας...
769 3365 887 3433 Theon,
906 3367 1011 3432 Eamne
1030 3372 1184 3436 Σατορνῖνος
1205 3370 1273 3440 apud

208 3456 406 3522 παραμονοντας
429 3457 467 3517 εἰς
491 3456 522 3506 τὸ
546 3457 589 3505 aet
607 3455 714 3524 ἀγήρως
768 3450 865 3505 Eusaa.
903 3452 942 3506 De
965 3469 997 3506 eo
1018 3465 1044 3506 et
1064 3453 1273 3519 Iustinus,Dia1.

208 3537 279 3598 τινὰς
306 3539 353 3587 και
382 3537 535 3600 ἀθανάτους
563 3539 713 3602 ἰσομάνοος.
771 3548 800 3602 35
825 3547 851 3588 et
870 3533 1034 3606 Hegesippus
1058 3535 1224 3606 scripserant,
1246 3547 1273 3588 at

208 3617 383 3672 Menandrum
402 3636 467 3673 vero
481 3619 605 3674 novimus
620 3632 713 3673 natum
768 3619 907 3690 praecipua
930 3619 1026 3673 Noster
1044 3620 1202 3690 suppeditat.
1239 3619 1271 3672 C.

208 3705 397 3770 Καπταριττῑᾳ
412 3703 439 3756 in
454 3702 543 3769 Galil,
556 3703 653 3757 vixisse
666 3703 714 3756 sub
768 3720 793 3756 a.
823 3719 873 3771 150
903 3704 1008 3758 videtur
1033 3705 1163 3768 docuisse,
1192 3716 1271 3774 atque

208 3784 289 3840 linem
304 3803 372 3840 saec.
389 3801 411 3840 1:
426 3787 556 3842 lusrmus
568 3788 601 3842 de
615 3805 649 3841 eo
661 3805 712 3841 una
767 3790 895 3843 nonnulla
917 3806 949 3843 ex
971 3790 1061 3843 schola
1085 3789 1228 3843 Marcionis
1247 3801 1273 3843 et

207 3887 267 3924 eum
277 3871 387 3926 Simone
395 3871 519 3944 loquitur,
529 3885 608 3944 atque
619 3873 714 3926 eadem
767 3871 896 3927 Cerdonis
909 3874 1049 3927 derivasse.
1080 3874 1185 3945 Fragm.
1198 3891 1274 3944 grae·

207 3955 239 4008 de
250 3955 318 4009 illius
328 3956 449 4010 doctrina
458 3973 489 4011 ac
499 3957 531 4010 Ir.
542 3957 622 4010 tradit
630 3955 659 4026 (l.
669 3958 713 4024 c.).
767 3972 829 4010 curn
840 3969 878 4011 est
892 3975 924 4012 ex
934 3958 1047 4012 Hn’noc.
1057 3958 1150 4011 Philas.
1160 3958 1219 4024 Vll,
1231 3959 1273 4016 28.

242 4040 284 4108 (1)
303 4039 433 4095 Massuer
451 4040 515 4112 legit
533 4040 567 4093 ad
584 4040 619 4092 id.
802 4043 845 4110 (ς)
863 4041 1036 4095 Probabiliter
1060 4045 1236 4095 διδασκαλεῖα
1255 4067 1272 4088 =

241 4125 285 4194 (2)
303 4123 358 4178 cfr.
377 4123 462 4180 Tenr.
482 4125 522 4177 Dc
545 4141 589 4178 an.
613 4121 662 4178 60:
687 4125 713 4178 id
767 4126 870 4180 scholas
892 4127 1003 4198 (interp.
1023 4125 1130 4193 -λτὶας)
1152 4138 1180 4179 ut
1204 4126 1272 4196 apud

204 4220 295 4262 tamen
319 4210 500 4280 metaphorice
521 4210 622 4264 dictum
641 4209 713 4264 vide·
765 4210 862 4264 Eusar.
879 4210 913 4264 H.
930 4209 959 4264 Ε.
975 4209 1022 4276 IV,
1041 4226 1065 4278 7.
1108 4225 1111 4234 ·
