3230 5062
186 459 229 526 (1,
251 459 340 529 7-8).]
617 459 708 506 cisen
733 459 846 506 antuus
1200 459 1258 505 101

267 679 296 745 3.
320 657 424 749 [WH.
441 657 471 740 l,
488 657 533 748 dl.
579 657 618 724 Et
633 656 708 746 quid
724 657 832 724 enim?
873 655 1090 746 Tragoedia(¹)
1105 656 1202 723 muita
1218 672 1264 723 est

194 767 262 832 iam
288 765 349 845 hic,
372 782 403 832 et
426 764 587 854 phantasia
610 765 853 853 uniuscuiusque
875 764 1014 845 illorum,
1030 763 1117 830 aliter
1133 779 1163 830 et
1178 765 1265 831 aliter

197 873 336 960 graviter
355 872 550 960 exponentis,
565 894 604 937 ex
619 871 702 959 quali
718 871 873 959 passione,
888 888 919 937 et
942 893 980 936 ex
1002 871 1085 958 quali
1109 871 1265 938 elemento

197 975 370 1044 substantia
392 979 628 1066 generationem
652 977 778 1065 accepit.
826 977 918 1059 Quae
931 979 1025 1044 etiam
1045 977 1266 1045 convenienter

195 1081 343 1150 videntur
365 1083 444 1150 mihi
467 1107 534 1150 non
556 1106 669 1150 omnes
691 1083 772 1150 velle
803 1084 836 1150 in
866 1082 1035 1151 manifesto
1063 1083 1187 1166 docere,
1210 1082 1265 1151 sed

198 1191 286 1257 solos
309 1191 379 1257 illos
401 1193 455 1280 qui
478 1192 574 1257 etiam
596 1190 728 1279 grandes
752 1189 912 1258 mercedes
930 1213 987 1280 pro
1010 1190 1123 1259 talibus
1146 1207 1265 1279 myste-

197 1299 254 1364 riis
277 1313 430 1386 praestare
453 1314 594 1386 possunt.
640 1297 714 1366 Non
737 1297 823 1363 enim
845 1298 908 1364 iam
931 1296 1039 1365 dicunt
1058 1298 1171 1364 similia
1194 1297 1265 1380 illis,

198 1403 238 1471 de
262 1403 374 1493 quibus
397 1405 556 1472 Dominus
580 1420 688 1471 noster
705 1401 800 1470 dixit:
826 1432 842 1468 a
861 1405 965 1473 Gratis
984 1406 1156 1493 accepistis,
1170 1404 1266 1492 gratis

207 1509 308 1576 «date
323 1536 359 1576 u:
390 1507 445 1576 sed
477 1526 616 1598 separata
626 1509 660 1563 (²)
686 1525 716 1576 et
745 1525 935 1598 portentosa,
966 1527 996 1576 et
1026 1510 1086 1576 alta
1116 1509 1267 1596 mysteria

199 1637 274 1681 curn
299 1638 417 1704 magno
448 1613 553 1682 labore
585 1616 736 1704 exquisita
771 1614 940 1683 fallacibus.
987 1616 1071 1698 Quis
1094 1616 1179 1682 enim
1202 1636 1268 1680 non

199 1737 309 1810 eroget
330 1724 439 1788 omnia
461 1745 541 1811 quae
563 1738 636 1789 sunt
658 1723 735 1803 eius,
759 1723 803 1788 uti
822 1721 929 1805 discat,
952 1724 1103 1809 quoniam
1126 1745 1143 1788 a
1166 1721 1267 1808 lacry-

199 1830 263 1894 mis
286 1828 529 1916 Enthymeseos,
551 1852 631 1918 quae
657 1846 703 1896 est
726 1853 764 1896 ex
786 1831 930 1917 passione
952 1830 1082 1911 Aeonis,
1106 1829 1213 1909 maria,
1235 1843 1267 1895 et

200 1935 315 2018 fontes,
339 1953 371 2001 et
389 1934 530 2018 flumina,
547 1953 577 2003 et
593 1936 737 2003 universa
752 1934 879 2004 humida
892 1937 1019 2003 materia
1033 1937 1266 2025 generationem

198 2061 405 2131 acceperunt:
428 2042 468 2109 de
483 2044 548 2110 risu
567 2061 670 2111 nutem
695 2045 762 2110 eius
785 2043 906 2124 lumen;
921 2042 959 2110 de
978 2067 1093 2132 pavore
1110 2059 1214 2110 autem
1237 2059 1267 2109 et

143 2136 148 2144 ⁰
199 2151 464 2218 inconstabilitate
482 2151 654 2240 corporalia
673 2151 782 2218 mundi
801 2152 975 2218 elementa?

273 2385 302 2450 3.
316 2367 381 2433 Καὶ
395 2367 423 2430 τί
434 2365 511 2451 γάρ;
556 2364 706 2450 τραγῳδία
716 2365 815 2450 πολλὴ
830 2365 934 2429 λοιπόν
949 2367 985 2449 ᾖν
999 2364 1121 2448 ἐνθάδε,
1133 2367 1185 2428 καί
1198 2385 1269 2449 ραν-

177 2541 179 2546 ,
201 2471 292 2536 τασία
311 2472 378 2549 ἑνός
397 2471 529 2537 ἑκάστου
548 2475 655 2554 αὐτῶν,
671 2471 771 2548 ἄλλως
785 2474 837 2535 καί
851 2471 951 2549 ἄλλως
965 2471 1101 2557 σοβαρῶς
1116 2471 1269 2556 ἐκδιηγου-

202 2579 294 2664 μὲνου
317 2579 355 2642 ἐκ
372 2587 510 2644 ποταττοῦ
529 2579 660 2660 πόθους,
680 2579 717 2641 ἐκ
734 2577 820 2642 τταῖου
838 2577 989 2663 στοιχείου
1007 2578 1026 2661 ἡ
1045 2577 1132 2643 οὐσία
1150 2581 1203 2662 την
1219 2577 1268 2662 γέ-

200 2705 282 2749 νεσιν
303 2684 445 2769 εἴληφεν·
468 2687 489 2749 ἃ
511 2687 564 2749 καί
585 2687 642 2750 οὐκ
664 2683 830 2761 ἀπεικότως
852 2684 975 2749 δοκοῦσί
997 2706 1046 2769 μοι
1070 2688 1111 2770 μη
1134 2687 1268 2760 ἅπαντας

203 2790 307 2855 θέλειν
329 2791 362 2856 ἐν
385 2799 503 2878 φανερῷ
529 2791 691 2873 διδάσκειν,
714 2789 815 2876 ἀλλ’ἢ
839 2789 946 2876 μόνους
973 2791 1105 2868 ἐκείνους
1126 2796 1195 2869 τοὺς
1216 2793 1269 2854 καί

206 2897 360 2983 μεγάλους
372 2899 499 2984 μισθους
510 2899 586 2984 ὑπὲρ
600 2899 782 2984 τηλικούτων
795 2899 962 2984 μυστηρίων
973 2899 1068 2964 τελεῖν
1079 2898 1267 2984 δυναμένους.

204 3003 315 3070 (liniat
326 3007 386 3090 γὰρ
399 3015 495 3070 ταῦτα
508 3007 598 3090 όμοια
614 3005 748 3086 ἐκείνοις,
764 3008 832 3090 περὶ
846 3007 887 3070 ὧν
902 3007 919 3070 ό
935 3005 1046 3089 Κύριος
1061 3007 1145 3091 ἡμῶν
1159 3008 1269 3090 εἴρηκε,

208 3135 223 3170 α
238 3111 353 3196 δωρεὰν
368 3111 502 3198 ἐλάβετε,
518 3113 632 3197 δωρεὰν
646 3109 714 3176 δότε
729 3134 761 3172 »-
778 3112 859 3176 ἀλλὰ
873 3115 1139 3198 ἀνακεχωρηκότα,
1155 3115 1207 3176 καὶ
1222 3134 1269 3175 τε·
1314 3170 1316 3174 .

205 3215 322 3301 padua,
341 3219 394 3280 καί
413 3217 515 3304 βαθέα
529 3218 677 3304 μυστήρια
692 3221 768 3302 μετὰ
782 3218 897 3284 πολλοῦ
910 3219 1048 3303 καμάτου
1061 3216 1270 3304 περιγινόμενα

204 3331 264 3398 τοῐς
278 3322 481 3406 φιλοψευδὲσι.
520 3323 575 3403 Τίς
585 3328 644 3411 γὰρ
656 3326 713 3388 οόκ
728 3326 765 3388 ἂν
778 3324 998 3409 ἐκδαπανησειε
1012 3325 1110 3389 πάντα
1125 3327 1162 3388 τό
1175 3323 1269 3409 ὑπάρ

206 3449 302 3512 χοντα
319 3431 421 3512 αὐτοῦ,
438 3432 487 3494 ίνα
506 3431 592 3516 paup
607 3434 652 3495 ότι
669 3431 730 3495 ἀπό
748 3440 806 3495 τῶν
823 3430 958 3517 δακρύων
976 3441 1028 3516 τῆς
1052 3429 1269 3516 Ἐνόυμήσεως

209 3545 261 3598 τοῦ
278 3535 468 3613 πεπονθότος
486 3539 610 3620 Αίῶνος,
626 3537 792 3620 θάλασσαι,
810 3540 863 3602 καὶ
877 3540 981 3623 πηγαὶ,
997 3541 1049 3602 καὶ
1064 3541 1201 3623 ποταμοὶ,
1217 3542 1269 3602 καὶ

208 3651 294 3706 πᾶσα
322 3644 441 3728 ἔνυδρος
468 3643 554 3708 οὐσία
576 3646 628 3728 τὴν
650 3642 767 3730 γένεσιν
794 3645 925 3729 εἴληφεν,
949 3646 986 3710 ὲκ
1009 3645 1041 3708 δὲ
1064 3654 1115 3709 τοῦ
1138 3643 1270 3729 γέλωτος

205 3750 297 3832 αὐτῆς
320 3751 355 3812 τό
377 3758 451 3833 ρῶς,
470 3754 523 3815 καί
540 3749 579 3814 ἐκ
595 3760 649 3835 της
667 3749 839 3835 ἐκπλήξεως
857 3753 910 3815 καὶ
927 3749 1097 3836 ἀμηχανίας
1113 3753 1152 3814 τὰ
1169 3772 1270 3836 σωμα-

204 3859 274 3920 τικὰ
291 3865 344 3920 τοῦ
361 3856 477 3942 κόσμου
495 3868 647 3942 στοιχεῖα;

241 4024 284 4090 (ι)
303 4023 343 4076 lta
368 4025 476 4096 corrigit
500 4037 526 4079 et
549 4025 710 4098 interpungit
801 4027 843 4095 (a)
862 4026 891 4080 Id
905 4040 943 4080 est
957 4029 1073 4080 abstrusa
1085 4029 1269 4096 (ἀνακεχωρη

205 4105 297 4160 Ottob.
317 4107 338 4160 l.
385 4107 472 4162 Ceteri
497 4110 573 4163 codd.
600 4110 710 4164 habent:
765 4111 990 4177 adra);sententia
998 4111 1106 4164 Domini
1114 4111 1270 4164 estan.

209 4211 222 4238 u
232 4189 265 4244 Et
277 4191 383 4262 quidem
398 4193 471 4246 enim
486 4195 644 4265 tragoedia»
661 4208 710 4249 etc.
766 4194 799 4260 X,
819 4195 843 4249 8.
