3230 5062
635 479 725 526 mnan
750 480 862 526 PRIMUS
1219 483 1278 549 147

208 675 295 740 enim
319 695 400 740 uuus
416 687 446 739 et
462 671 545 738 idern
563 671 737 740 ostenditur
759 673 877 762 LogoS,
894 691 923 741 et
937 675 1144 762 Monogenes,
1159 692 1189 742 et
1205 677 1279 758 Ζοε,

210 796 242 846 et
265 779 360 860 Phos,
382 795 413 845 et
435 779 537 858 Soter,
561 794 591 844 et
619 778 775 860 Christus,
799 778 857 870 [et]
880 779 962 846 filius
979 781 1050 864 Dei,
1071 798 1102 848 et
1124 781 1174 848 hic
1195 779 1278 848 idem

211 888 388 954 incarnatus
412 908 469 974 pro
492 883 595 967 nobiS,
618 885 721 952 soluta
743 904 790 953 est
808 888 1019 954 octonationis
1038 887 1165 955 illorum
1191 911 1281 956 conr-

211 1015 303 1080 pago.
349 993 415 1058 Hac
438 1008 543 1058 autem
567 991 680 1074 soluta,
698 990 813 1058 decidit
832 992 959 1060 illorum
982 995 1088 1060 omnis
1112 1017 1281 1084 argumen-

211 1101 299 1179 tatio,
321 1121 426 1187 quam,
447 1098 526 1165 salso
549 1099 678 1165 nomine
702 1099 906 1182 somniantes,
930 1099 1083 1166 infamant
1106 1100 1280 1189 Scripturas

211 1205 249 1272 ad
270 1207 427 1294 propriam
450 1207 755 1292 argumentationem
780 1205 1033 1292 contingendam.

280 1335 310 1398 4.
330 1313 406 1377 Post
424 1310 535 1378 deinde
554 1311 707 1378 dictiones
721 1329 751 1378 et
770 1313 900 1378 nomina
915 1311 1079 1400 dispersim
1099 1314 1200 1401 posita
1215 1314 1281 1380 col-

212 1421 354 1508 ligentes,
371 1417 571 1500 transferunt,
590 1419 671 1484 sicut
689 1418 908 1506 praediximus,
933 1443 970 1484 ex
994 1443 1032 1485 eo
1055 1419 1139 1508 quod
1163 1437 1210 1486 est
1233 1445 1282 1487 se-

212 1523 352 1592 cundum
375 1540 529 1604 naturam,
553 1525 586 1590 in
609 1523 640 1591 id
663 1524 746 1613 quod
771 1541 818 1591 est
846 1541 955 1592 contra
984 1540 1143 1592 naturam:
1168 1527 1281 1592 similia

214 1633 361 1699 facientes
379 1631 438 1713 his,
454 1633 507 1720 qui
527 1632 757 1698 controversias
777 1631 978 1721 sibimetipsis
996 1629 1148 1722 quaslibet
1166 1655 1283 1720 propo-

213 1755 303 1820 nunt,
317 1753 387 1825 post
406 1735 517 1804 deinde
540 1754 693 1804 conantur
715 1759 753 1804 ex
776 1738 955 1804 Homericis
976 1738 1118 1805 versibus
1139 1739 1280 1806 meditari

213 1869 266 1910 eas
278 1870 285 1911 :
302 1845 342 1910 ita
358 1861 393 1910 ut
404 1843 518 1910 idiotae
531 1859 639 1931 putent
651 1868 689 1909 ex
701 1843 753 1910 illa
764 1844 967 1931 extemporali
976 1845 1009 1898 (¹)
1020 1843 1191 1912 declamata
1207 1868 1282 1912 con-

212 1951 364 2016 trouersia
381 1950 560 2015 Homerum
583 1972 692 2015 uersus
716 1948 836 2031 fecisse,
853 1965 883 2016 et
900 1949 991 2017 multi
1015 1948 1206 2017 abducantur
1229 1973 1283 2039 per

213 2055 424 2142 compositam
443 2055 698 2141 consequentiam
724 2077 885 2136 versuum,
905 2079 944 2122 ne
969 2055 1049 2122 forte
1064 2055 1139 2122 haec
1154 2057 1199 2123 sic
1217 2057 1283 2122 Ho-

214 2181 321 2225 merus
340 2158 500 2226 secerit.(²)
545 2158 829 2241 Quemadmodum
854 2160 1022 2227 Herculem
1044 2159 1081 2227 ab
1105 2162 1282 2250 Eurystheo

213 2264 253 2334 ad
269 2289 354 2347 eum,
369 2268 423 2354 qui
440 2265 520 2354 apud
539 2265 657 2332 inferos
676 2283 733 2349 est,
752 2289 861 2333 canem
880 2269 1024 2348 missum,
1045 2292 1082 2333 ex
1101 2269 1282 2335 Homericis

214 2461 304 2538 Ἐνδς
326 2465 385 2547 γὰρ
406 2463 460 2526 καὶ
481 2469 533 2526 τοῦ
555 2463 647 2527 αὐτοῦ
670 2461 862 2547 δεικνυμένου
881 2463 993 2548 Λόγου,
1013 2466 1066 2527 καὶ
1084 2463 1282 2549 Μονογενοῡς,

212 2571 267 2633 καὶ
278 2569 375 2654 Ζωῆς,
387 2571 440 2633 καὶ
454 2569 570 2653 Φωτδς,
583 2572 636 2635 καὶ
651 2569 800 2656 Σωτῆρος,
816 2574 869 2635 καὶ
883 2571 1029 2656 Χριστοῦ,
1045 2574 1097 2635 καὶ
1112 2571 1176 2636 υἱοῦ
1192 2569 1283 2654 Θεοῦ,

213 2679 268 2741 καὶ
278 2677 385 2742 τούτου
396 2679 488 2742 αὐτοῦ
500 2676 793 2763 σαρκωθέντοςὺπὲρ
805 2679 899 2764 ἡμῶν,
909 2677 1030 2744 λέλυται
1042 2681 1062 2765 ἡ
1074 2690 1127 2764 τῆς
1139 2681 1284 2765 ὀγδοάδος

213 2783 415 2869 σκηνοπηγία.
463 2783 583 2869 Taleae
606 2785 639 2848 δὲ
661 2785 835 2870 λελυμένης,
856 2783 1063 2851 διαπέπτωκεν
1082 2789 1182 2852 αὐτῶν
1201 2797 1284 2850 πᾶσα

214 2891 235 2974 ἠ
250 2887 406 2972 ὑπόθεσις,
423 2893 460 2976 ἣν
475 2892 591 2975 ψευδῶς
605 2891 826 2976 ὀνειρώττοντες
837 2893 1058 2979 κατατρέχουσι
1072 2895 1132 2958 τὼν
1147 2894 1283 2977 Γραρῶν,

215 2996 291 3060 ἰδέαν
312 2996 460 3062 ὑπόθεσιν
482 2997 735 3083 ἀναπλασάμενοι.

283 3126 314 3186 4.
337 3101 468 3167 Ἔπειτα
490 3102 584 3181 λέξεις
606 3107 659 3168 καὶ
686 3103 818 3190 δνδματα
847 3105 1001 3190 σποράδην
1028 3105 1153 3190 κείμενα
1179 3102 1285 3168 συλλέ-

214 3229 329 3293 γοντες,
354 3209 562 3294 μεταφέρουσι,
586 3211 693 3287 καθὼς
715 3211 945 3297 προειρήκαμεν,
966 3211 1003 3275 έκ
1021 3222 1073 3276 τοῦ
1096 3215 1176 3275 κατὰ
1199 3210 1287 3294 φύσιν

215 3317 259 3392 εἰς
273 3319 307 3379 τὸ
322 3320 404 3400 παρὰ
419 3317 522 3400 φύσιν·
539 3320 628 3402 ὃμοια
642 3327 795 3395 ποιοῦντες
809 3329 868 3395 τοῖς
884 3317 1045 3394 ὑποδέσεις
1064 3322 1117 3395 τὰς
1135 3319 1285 3404 τυχούσας

214 3424 314 3499 αὐτοῖς
325 3422 587 3509 προβαλλομένοις,
600 3425 705 3489 ἔπειτα
718 3424 910 3509 πειρωμένοις
925 3425 962 3488 ἐκ
978 3435 1035 3490 τῶν
1052 3425 1186 3510 Ὁμήρου
1202 3447 1285 3511 ποιη·

215 3529 318 3614 μάτων
333 3530 461 3614 μελετᾶν
476 3533 577 3610 αὐτας,
587 3531 673 3594 ’ὥστε
689 3535 759 3608 τοῦς
773 3531 981 3617 ἀπειροτέρους
996 3533 1095 3596 δοκεῖν
1110 3531 1160 3596 ἐπ’
1170 3531 1286 3617 ἐκείνης

214 3645 269 3718 τῆς
291 3631 324 3712 ἐξ
346 3635 479 3720 ὑπογύου
511 3635 752 3721 μεμελετημένῃς
782 3637 959 3713 ὑποθέσεως
990 3637 1129 3724 Ὅμηρον
1159 3641 1197 3701 τὰ
1226 3639 1285 3721 ἔπη

215 3741 423 3827 πεποιηκέναι,
446 3744 499 3806 καὶ
513 3743 643 3819 πολλοὺς
658 3743 904 3827 συναρπάζεσθαι
920 3746 968 3808 διὰ
983 3755 1035 3830 τῆς
1050 3755 1109 3809 τῶν
1126 3746 1206 3809 ἐπῶν
1220 3765 1286 3808 συν-

215 3845 310 3912 θέτου
332 3849 527 3932 ἀκολουθίας,
544 3851 586 3934 μὴ
602 3851 662 3933 ἄρα
678 3849 768 3914 ταῦθ’
781 3855 875 3928 οὕτως
889 3850 1025 3938 Ὅμηρος
1041 3855 1086 3937 εἴη
1103 3850 1285 3936 πεποιηκώς.

216 3951 274 4030 Ὡς
296 3954 313 4018 ὁ
335 3958 387 4019 τὸν
410 3954 568 4040 Ἡρακλέα
590 3959 640 4020 τὸν
663 3955 721 4019 ὑπδ
741 3955 924 4042 Εὐρυσθέως
941 3959 991 4021 eal
1008 3961 1059 4022 τδν
1082 3957 1174 4041 ἐντῷ
1193 3955 1287 4040 Ἃιδμ

254 4119 296 4186 (ι)
316 4119 355 4172 lta
374 4118 443 4172 Ott.¹
463 4129 489 4173 et
509 4118 590 4173 Vat.¹.
782 4120 827 4173 csr.
847 4121 873 4173 in
893 4121 979 4173 simile
998 4129 1186 4190 argumentum
1200 4117 1285 4170 Τεντ.

254 4205 296 4270 (2)
322 4203 362 4258 De
386 4205 426 4258 liis
451 4203 726 4258 Homerocentonibus
783 4204 897 4257 Praescr.
920 4217 965 4274 393
985 4203 1106 4255 Hnnton.
1124 4199 1167 4252 Ad
1185 4199 1285 4252 Panlr'n.
