3288 5060
215 515 289 583 (XX,
309 515 445 586 2-xx1).]
638 519 728 566 tmen
752 519 865 566 antuus
1218 503 1281 587 '267

213 710 347 777 Aniceto
369 712 467 792 venit,
485 733 585 800 quum
608 727 690 778 esset
706 711 798 777 huius
817 710 986 794 doctrinae,
1003 713 1121 779 multos
1135 717 1284 781 extermi-

213 817 310 882 navit.
357 817 528 885 Gnosticos
541 840 574 884 se
588 834 693 884 autern
705 835 835 885 vocant:
849 820 943 886 etiam
955 820 1119 908 imagines,
1131 821 1282 909 quasdam

212 920 341 1010 quidem
356 921 503 1010 depictas
518 922 669 1012 quasdam
686 940 792 990 autern
807 941 838 991 et
853 923 892 991 de
909 925 1026 1014 reliqua
1045 927 1174 993 materia
1190 925 1283 993 fabri-

213 1043 296 1093 catas
313 1026 436 1110 habent,
459 1027 598 1095 dicentes
621 1027 760 1096 formam
784 1029 902 1098 Christi
919 1028 1066 1096 factama
1091 1031 1203 1113 Pilato,
1227 1031 1282 1096 illo

214 1133 245 1199 in
257 1149 400 1221 tempore
411 1157 475 1222 quo
489 1133 545 1201 fuit
555 1135 641 1200 Iesus
651 1157 726 1200 cum
739 1134 966 1202 hominibus.<¹l
999 1135 1038 1202 Et
1051 1135 1106 1202 has
1119 1154 1281 1220 coronant,

213 1256 243 1306 et
269 1256 448 1328 proponunt
472 1263 523 1306 eas
545 1263 620 1307 cum
650 1240 839 1329 imaginibus
867 1241 977 1308 mundi
1007 1242 1280 1330 philosophorum,

214 1343 357 1412 videlicet
373 1368 447 1412 cum
464 1347 602 1434 imagine
618 1345 827 1435 Pythagorae,
841 1365 870 1414 et
887 1348 1081 1428 PlatoniS,et
1093 1349 1281 1429 Aristotelis,

214 1468 244 1517 et
256 1451 408 1540 reliquam
417 1449 671 1519 observationem
680 1454 761 1519 circa
770 1476 821 1520 eas
835 1454 978 1520 similiter
986 1472 1019 1521 ut
1033 1471 1141 1543 gentes
1154 1453 1280 1521 faciunt.

281 1612 360 1680 Can.
384 1611 506 1678 XXVI.
530 1611 634 1702 [WH.
654 1612 763 1702 XXI}
825 1615 951 1696 Qunrrs
967 1635 1021 1680 ssa
1039 1615 1201 1682 Camunni
1221 1635 1283 1680 uo-

214 1739 341 1786 emma.
404 1740 431 1784 1.
455 1718 494 1785 Et
519 1719 732 1787 Cerinthusl²l
755 1715 860 1788 autern
883 1721 1011 1810 quidam
1041 1723 1072 1788 in
1102 1722 1189 1800 Asia,
1217 1744 1281 1787 non

214 1849 230 1892 a
255 1827 357 1914 primo
385 1825 456 1891 Deo
490 1823 606 1916 factum
631 1849 699 1893 esse
723 1827 878 1894 mundum
901 1827 1018 1910 docuit,
1048 1828 1102 1895 sed
1126 1851 1142 1894 a
1167 1829 1281 1894 virtute

214 1987 246 2049 ἐν
264 1995 324 2062 τοῖς
342 1984 437 2050 hnuto
456 1984 558 2070 μέρεσι
577 1995 630 2049 τοῦ
647 1985 740 2072 λοβοῦ
758 1996 811 2050 τοῦ
830 1985 927 2065 δεξιοῦ
944 1985 1030 2064 ὠτός.
1077 1988 1140 2052 Καὶ
1163 1985 1281 2065 εἰκόνας

215 2093 247 2156 δὲ
260 2091 523 2171 κατασκευάζουσι
535 2102 587 2157 τοῦ
600 2093 744 2178 Χριστοῦ,
756 2092 896 2178 λέγοντες
910 2095 969 2158 ὑπὸ
981 2095 1117 2159 Πιλάτου
1131 2102 1173 2179 τῷ
1188 2103 1283 2180 καιρῷ

214 2198 319 2283 ἐκείνῳ
341 2197 497 2284 γενέσθαι.

281 2358 403 2438 XXVI,
420 2379 447 2422 1.
490 2358 642 2444 Κηρίνθος
660 2359 693 2423 δέ
711 2381 764 2440 τις,
788 2362 878 2437 αὐτὸς
897 2360 1077 2445 Αἰγυπτίων,
1094 2362 1199 2446 ἔλεγεν
1222 2364 1281 2446 οὐχ

213 2467 270 2531 ὑπὸ
293 2475 345 2530 τοῦ
368 2465 487 2551 πρώτου
518 2464 599 2532 Θεοῦ
622 2463 778 2552 γεγονέναι
799 2471 849 2530 τὸν
873 2467 997 2550 κόσμον,
1022 2466 1163 2532 ἀλλ’ῦττὸ
1193 2469 1280 2532 δυνά-

213 2649 720 2722 νοις...Ἀνικήτου[λι.ο,ιςς-[66]...

213 2739 241 2788 ἐν
260 2737 348 2802 Ῥωμῇ
367 2739 541 2803 γινομένη...
557 2737 720 2799 πολλοὺς...

212 2823 368 2886 hadvisa...
387 2823 542 2873 Γνωστικιῦν
555 2826 607 2872 τῶν
620 2822 719 2872 καλου-

213 2909 305 2969 μένων.
351 2905 465 2972 Ἔχουσι
493 2908 523 2956 οὲ
548 2907 653 2968 εἰκόνας
678 2907 719 2958 ἐν·

213 2992 371 3055 ζωγράφους
384 2991 429 3042 διὰ
440 2992 596 3054 κρωμάτων,
606 2992 677 3052 τινὰς
688 2993 719 3042 δὲ

213 3077 261 3128 ἐκ.
276 3110 301 3126 ..
319 3075 414 3140 λοιπῆς
427 3075 501 3140 ῦλης,
512 3077 588 3126 ᾰτινα
600 3076 719 3126 ἐκτυπώ-

212 3161 282 3222 μοιτοὶ
300 3174 379 3224 φασιν
398 3161 464 3210 τῐναι
483 3159 528 3210 τοῦ
548 3159 647 3224 Ἰησοῦ,
672 3161 720 3210 καί

212 3243 294 3294 ταῦτα
317 3245 367 3294 υττ“ο
389 3243 501 3294 Ποντίου
520 3244 622 3294 Πιλάτο
641 3257 719 3308 γεγε-

212 3328 362 3392 νῆσθαι...
387 3329 432 3378 ὅτε
457 3329 581 3392 ἑνεῦήμει
603 3333 640 3392 τῷ
666 3333 718 3379 τῶν

214 3411 361 3473 ἀνθρώπων
379 3413 493 3475 γάνει...
516 3410 590 3461 ἀλλὰ
612 3414 658 3461 arat
678 3427 718 3476 φι-

212 3495 335 3560 λοσόφων
367 3501 452 3558 τινῶν,
480 3495 641 3560 Πυθαγόρου
672 3498 719 3546 καί

211 3580 355 3641 Πλάτωνος
379 3582 426 3630 καὶ
450 3578 651 3642 Ἀριστοτέλους
672 3583 718 3630 καί

211 3669 263 3713 τῶν
272 3662 372 3714 λοιπῶν
383 3701 389 3714 .
401 3702 407 3714 .
419 3702 425 3715 .
438 3664 590 3732 ῐῦρῦοαντὲς
602 3679 630 3714 τε
640 3677 718 3727 προσ-

211 3747 318 3797 κυνοῦσι
334 3750 382 3798 κοιῑ
400 3749 434 3796 τὰ
452 3751 505 3798 τῶν
526 3746 614 3798 ἐθνῶν
633 3749 718 3797 ἐπιτε-

211 3830 285 3881 λοῦσι
306 3832 443 3896 μυστήρια.
457 3829 544 3881 -De
564 3827 718 3882 Marcellino

211 3911 256 3965 csr.
275 3925 301 3965 et
320 3911 399 3966 CELS.
418 3912 452 3978 V,
471 3911 582 3978 62-64).

246 3997 341 4065 (1)Ps.
356 3997 481 4051 Aucusn.
496 3997 600 4058 Haeres,
615 4013 643 4064 7,
657 3997 717 4049 Ion.

211 4081 334 4136 hinne.
346 4079 425 4134 Haer.
441 4095 488 4150 273
503 4081 591 4134 Prior.
605 4079 717 4151 Amphil.

214 4179 277 4235 194;
305 4164 351 4218 cfr.
378 4165 570 4230 Dosscuuanz,
591 4163 718 4218 Christus·

212 4249 290 4302 bilder
306 4249 350 4320 [T.
366 4268 392 4302 u.
408 4249 442 4304 U.
462 4249 550 4319 1899],
567 4267 592 4319 p.
608 4264 650 4318 27,
664 4248 718 4319 98‘.

774 2647 802 2700 ld
822 2665 877 2701 non
890 2648 960 2701 aliud
981 2647 1183 2701 fundamentum
1202 2649 1280 2702 habet

774 2733 824 2784 nisi
837 2739 893 2784 acta
906 2733 984 2785 Pilati
996 2745 1021 2786 et
1036 2734 1167 2804 originem
1186 2751 1281 2804 grae·

774 2833 842 2869 carn
863 2817 1010 2886 imaginum
1030 2817 1137 2870 Christi.

810 2903 852 2966 (2)
872 2901 911 2954 De
931 2901 1059 2954 Cerintho
1079 2901 1129 2954 hoc
1145 2899 1190 2953 csr.
1207 2918 1280 2970 prae-

773 2984 849 3055 cipue
864 2983 960 3038 quze
974 2985 1026 3052 (De
1038 2985 1093 3036 hist.
1106 2986 1212 3055 gnostic.
1223 2987 1280 3056 pri-

774 3071 821 3121 mis
826 3069 941 3138 fontibus
950 3086 990 3139 pp.
999 3067 1108 3137 60—67).
1129 3068 1280 3122 Merinthus

773 3154 806 3206 ab
829 3151 930 3218 Eunu,
948 3154 1096 3206 haesitante
1113 3165 1214 3218 tamen,
1233 3171 1279 3206 vo·

773 3249 846 3290 catur
860 3237 951 3306 [Ha-ar.
964 3237 1007 3300 28,
1017 3238 1055 3307 8].
1092 3237 1192 3291 Contra
1204 3237 1279 3291 illum

772 3339 903 3392 pugnasse
915 3321 1056 3375 traduntur
1074 3322 1206 3375 lohannes
1226 3322 1279 3392 [ap.

772 3405 893 3476 Hieron]
910 3406 1071 3478 Polycarpus
1084 3407 1129 3474 (lr.
1143 3407 1189 3472 ΠΙ,
1205 3409 1277 3475 3-4),

773 3491 978 3561 AlogiOEr’rmt,
998 3492 1076 3544 Haer.
1093 3507 1134 3560 51,
1152 3499 1187 3560 3).
1225 3491 1278 3546 cfr.

773 3576 889 3628 maxime
908 3576 983 3628 Hmn.
1003 3575 1094 3629 Philos.
1112 3575 1170 3640 Vll,
1186 3591 1226 3645 333
1246 3576 1279 3640 X,

774 3673 821 3724 213
837 3659 966 3731 Syntogm.
1009 3660 1211 3729 (Pssuoornnr.
1225 3661 1278 3722 ιο).

773 3743 897 3808 Asianus,
928 3744 1013 3796 immo
1043 3743 1139 3796 Galata
1167 3743 1280 3808 videtur,

773 3839 851 3898 atque
881 3827 929 3880 sub
959 3828 1045 3897 primo
1077 3844 1143 3881 saec.
1174 3827 1279 3880 vixisse.

773 3911 853 3964 Prout
868 3912 895 3964 hi
915 3912 959 3982 qui
978 3925 1128 3983 sequentur,
1147 3912 1280 3964 iudaizan-

771 3996 841 4048 tibus
866 3996 952 4066 potius
972 3996 1172 4049 adscribendus:
1196 4009 1222 4048 at
1248 3996 1280 4047 ab

773 4079 840 4134 lren.
867 4079 944 4132 simul
970 4080 1076 4150 ponitur
1094 4096 1155 4132 cum
1179 4079 1279 4149 Carpo-

773 4176 853 4228 crate,
872 4165 906 4217 ob
925 4164 1089 4218 consimilem
1116 4165 1148 4216 de
1173 4163 1280 4216 Christo

773 4249 942 4303 sententiam.
