3274 5100
236 479 296 545 (VJ,
311 477 403 546 3-vn‚
419 481 467 549 m]
632 483 723 530 arsen
746 482 912 528 secuuous
1245 481 1259 546 3
1267 481 1281 546 3
1291 483 1305 545 5

236 674 365 742 eosdem
394 693 423 742 et
452 675 571 742 similes
602 674 640 743 ad
666 698 721 742 eos
747 677 897 764 quisunt
929 674 1119 743 conditionis
1152 675 1307 764 adaptent.

236 782 330 849 Nunc
353 800 459 849 autem
482 783 608 870 triginta
632 782 833 850 ostendentes
851 784 989 864 Aeones,
1009 800 1040 848 et
1062 799 1182 850 tantam
1203 784 1310 849 multi-

237 887 380 955 tudinem
396 911 506 955 eorum
523 912 602 978 quae
622 907 695 956 sunt
711 891 742 956 in
762 887 943 956 conditione
959 890 1112 978 imagines
1128 913 1240 957 eorum
1255 890 1308 979 qni

238 1012 311 1062 sunt
325 997 451 1084 triginta
466 996 615 1083 dicentes,
633 999 712 1064 iuste
728 1013 762 1063 ut
778 998 925 1063 insensati
945 1013 1114 1085 arguentur
1128 1021 1145 1063 a
1162 996 1263 1062 nobis.

306 1209 385 1276 Car.
399 1209 484 1276 VIII.
532 1207 639 1300 [WH.
659 1210 688 1275 V
687 1209 724 1276 II
728 1207 751 1300 ]
795 1210 957 1291 Quovran
970 1229 1038 1276 non
1052 1229 1107 1276 r-:sr
1120 1229 1308 1276 vanosmrrn

238 1337 279 1382 nn
299 1335 388 1388 Quae
406 1335 489 1382 suur
514 1335 568 1382 ure
592 1337 726 1383 ununnn
751 1335 951 1382 nunnonnvrs
966 1335 1078 1382 uonun
1098 1335 1176 1382 eme.
1228 1336 1254 1382 1.
1275 1314 1308 1381 Si

239 1438 344 1489 autem
357 1421 432 1488 haec
444 1421 573 1489 illorum
587 1421 732 1489 umbram
747 1421 852 1489 dicent
866 1445 944 1504 esse,
957 1421 1229 1510 quemadmodum
1240 1423 1310 1511 qui-

238 1528 312 1596 dam
335 1530 478 1616 ipsorum
502 1528 616 1596 audent
638 1528 751 1611 dicere,
772 1529 850 1595 utl¹l
872 1528 1044 1596 secuudum
1069 1528 1130 1595 hoc
1153 1530 1309 1617 imagines

239 1659 318 1716 esse,
335 1658 461 1702 necesse
480 1637 538 1708 erit
557 1653 587 1702 et
610 1659 789 1724 corpora
808 1637 904 1725 ipsos,
923 1659 969 1718 ea,
985 1659 1063 1724 quae
1083 1653 1155 1703 sunt
1172 1658 1309 1717 sursum,

239 1741 391 1809 confiteri.
439 1743 482 1808 Ea
509 1744 595 1809 enim
618 1766 698 1832 quae
720 1766 847 1809 sursum
864 1759 936 1809 sunt
952 1765 1082 1832 corpora
1099 1741 1244 1810 umbram
1265 1742 1311 1809 Ia·

239 1852 336 1930 ciunt,
351 1871 416 1917 non
435 1865 539 1916 autem
560 1850 622 1916 iam
647 1849 804 1938 spiritalia,
827 1849 1081 1939 quandoquidem
1098 1849 1176 1916 nulli
1195 1846 1309 1916 obscu-

241 1955 344 2022 rare(²l
367 1971 507 2042 possunt.
554 1954 588 2020 Si
604 1971 708 2021 autem
728 1971 758 2021 et
776 1954 889 2022 demus
905 1955 965 2021 illis
985 1954 1046 2022 hoc
1063 1954 1161 2044 (quod
1181 1954 1308 2044 quidem

240 2079 286 2128 est
310 2061 522 2152 impossibile)
547 2084 659 2128 eorum
685 2084 764 2149 quae
791 2077 863 2128 sunt
890 2061 1037 2150 spiritalia
1061 2079 1092 2128 et
1115 2060 1216 2128 lucida
1239 2084 1311 2127 um·

240 2168 330 2235 bram
354 2190 433 2248 esse,
461 2169 493 2234 in
516 2190 611 2256 quam
635 2184 768 2234 matrem
799 2191 889 2234 suam
920 2166 1118 2236 descendisse
1141 2166 1310 2236 dicunnvl

240 2291 347 2342 tamen
369 2298 468 2362 quum
496 2274 548 2340 illa
575 2275 637 2340 sint
656 2290 789 2355 aeterna,
813 2291 843 2340 et
866 2297 999 2363 eaquae
1023 2299 1058 2341 ex
1079 2275 1154 2364 ipsis
1177 2273 1310 2342 efficitur

241 2381 352 2448 umbra
376 2383 564 2470 sempiterna
595 2397 782 2470 perseverat,
806 2397 835 2447 et
860 2405 924 2448 non
948 2383 1010 2448 iam
1034 2398 1195 2449 transeunt
1223 2382 1310 2462 haec,

241 2488 294 2556 sed
321 2505 521 2576 perseverant
551 2510 625 2554 cum
653 2487 713 2568 his,
736 2510 815 2575 quae
839 2511 873 2553 se
896 2487 1092 2555 adumbrant.
1140 2488 1172 2555 Si
1204 2505 1309 2556 autem

241 2596 317 2662 haec
333 2611 503 2668 transeunt,
523 2611 554 2660 et
569 2593 622 2661 illa
641 2616 767 2660 necesse
784 2611 840 2669 est,
855 2617 992 2682 quorum
1007 2594 1083 2661 haec
1099 2613 1172 2662 suut
1188 2594 1311 2676 umbra,

241 2704 388 2769 transire:
413 2702 474 2769 illis
506 2718 610 2768 autem
642 2700 923 2788 perseverantibus,
946 2719 1123 2788 perseverat
1146 2718 1176 2769 et
1200 2699 1311 2768 umbra

242 2812 396 2898 ipsorum.

310 2937 339 2982 2.
364 2916 396 2983 Si
421 2935 526 2983 autem
549 2938 614 2982 non
638 2914 812 2981 secundum
828 2915 859 2983 id
874 2915 958 3004 quod
975 2915 1192 2998 obumbretur,
1206 2914 1311 2984 dicent

242 3045 312 3090 eam
336 3022 482 3090 umbram
513 3046 591 3104 esse,
615 3021 670 3088 sed
698 3021 871 3089 secundum
895 3021 924 3091 id
948 3022 1033 3110 quod
1061 3023 1161 3089 multo
1188 3021 1226 3088 ab
1250 3022 1311 3088 illis

243 3147 380 3219 separata
404 3132 476 3210 sint,
496 3131 615 3218 paterni
639 3129 768 3196 luminis
792 3131 933 3218 ipsorum
954 3129 1155 3218 pusillitatem
1175 3145 1206 3196 et
1225 3128 1313 3195 infir-

243 3239 385 3304 mitatem
410 3236 609 3318 accusabunt,
628 3237 715 3324 quasi
740 3259 804 3302 non
828 3239 957 3324 attingat
980 3259 1078 3326 usque
1098 3235 1135 3303 ad
1154 3236 1241 3316 haec,
1257 3235 1311 3304 sed

243 3343 367 3410 deficiat
398 3343 568 3431 adimplere
593 3343 623 3409 id
646 3341 730 3430 quod
755 3361 801 3408 est
825 3366 970 3424 vacuum,
990 3359 1020 3410 et
1043 3343 1216 3412 dissolvere
1243 3367 1314 3410 urn-

244 3451 343 3533 bram,
362 3468 393 3518 et
410 3451 469 3517 hoc
492 3450 617 3539 quando
633 3473 729 3517 nemo
745 3452 784 3517 sit
800 3449 1037 3538 impedimento.
1085 3452 1120 3517 ln
1144 3451 1311 3539 caliginem

244 3560 328 3625 enim
352 3575 553 3625 convertetur
577 3556 750 3624 secundum
775 3579 829 3622 eos
853 3573 881 3624 et
905 3556 1122 3625 obcaecabitur
1149 3574 1313 3646 paternum

243 3665 351 3732 lumen
374 3688 497 3746 eorum,
524 3682 554 3731 et
582 3663 703 3732 deficiet
726 3666 758 3730 in
781 3663 830 3730 his
853 3687 932 3751 quae
955 3681 1027 3730 sunt
1050 3665 1212 3731 vacuitatis
1236 3664 1314 3730 locis

243 3796 342 3861 quum
374 3774 507 3838 minirne
538 3774 637 3862 possit
663 3770 832 3859 adimplere
864 3773 982 3838 omnia.
1030 3771 1139 3862 [WH.
1170 3771 1243 3852 VII,
1268 3770 1313 3861 2].

280 3961 323 4030 (1)
342 3963 450 4017 dora...
471 3965 538 4014 εἶναι
556 3985 573 4006 =
591 3961 658 4013 adeo
681 3971 752 4012 ut...
807 3962 919 4014 sensisse
938 3959 1088 4014 Gnosticos.

245 4045 305 4098 sint.
342 4044 469 4098 Ceterum
483 4045 550 4098 Iren.
564 4045 591 4097 in
605 4061 682 4097 sensu
696 4057 752 4098 tam
843 4049 885 4116 (2)
896 4049 1067 4099 ἐπιοκοτιῖνε
1077 4047 1219 4118 caliginem
1229 4045 1315 4099 offun-

245 4129 375 4182 materiali
398 4130 567 4182 «umbram»
590 4129 632 4182 hic
652 4130 752 4199 accepit
807 4131 877 4183 dere.

245 4225 274 4266 ut
302 4212 372 4266 lraud
400 4212 476 4266 facile
503 4213 561 4283 quis
588 4213 686 4283 cogitet
715 4215 752 4266 sic
844 4216 885 4283 (3)
904 4214 957 4267 Csr.
977 4214 997 4280 1,
1017 4230 1034 4280 1,
1054 4233 1078 4286 p.
1098 4232 1124 4280 r;
1144 4215 1164 4280 l,
1181 4230 1218 4280 xr,
1238 4231 1246 4268 1
1263 4227 1314 4268 etc.
