3238 5090
373 489 438 556 452
665 491 794 537 laeuam
818 491 979 536 anteusus
1003 489 1159 536 atanassi-:s
1272 486 1372 556 mx,
1392 503 1447 556 7-9

372 705 487 771 corpus
506 687 600 768 (nou)
625 685 778 771 particeps
797 700 957 772 putaretur
980 707 1048 750 esse
1068 685 1200 751 visionis
1224 685 1302 766 eius,
1328 686 1446 772 quippe

373 807 404 856 et
427 792 531 878 ipsum
551 791 806 878 participaturum
829 813 941 856 eorum
964 814 1044 880 quae
1069 791 1207 871 vidisset,
1230 809 1261 858 et
1286 791 1445 858 audisset:

374 920 430 963 nec
456 919 563 962 rursus
587 913 712 984 propter
729 897 851 984 pondus
866 900 1008 984 corporis
1027 898 1110 965 dicat
1128 900 1289 986 quiscum
1308 898 1447 984 amplius

374 1024 439 1067 non
457 1023 526 1067 esse
549 1019 737 1083 assumtum,
761 1002 814 1068 sed
835 1001 906 1069 ideo
925 1025 1023 1090 usque
1039 1003 1112 1068 illuc
1133 1003 1329 1090 permittatur
1348 1003 1446 1068 etiam

375 1108 442 1174 sine
461 1103 596 1193 corpore
612 1125 805 1174 sacramenta
824 1109 997 1196 perspicere
1017 1109 1176 1197 spiritalia,
1193 1132 1271 1196 quae
1291 1124 1364 1174 sunt
1384 1109 1445 1174 Dei

375 1215 581 1302 operationes,
604 1213 657 1302 qui
682 1212 754 1280 lecit
777 1215 880 1280 caelos
904 1231 934 1282 et
956 1231 1083 1296 terram,
1102 1232 1133 1281 et
1150 1215 1315 1302 plasmavit
1338 1214 1448 1281 honri-

375 1345 460 1400 nem,
484 1338 514 1388 et
536 1323 641 1408 posuit
660 1323 691 1387 in
711 1320 864 1408 paradiso,
880 1321 1091 1409 speculatores
1110 1321 1177 1388 fieti
1197 1345 1262 1402 eos,
1280 1323 1335 1409 qui
1354 1322 1448 1386 sinri-

375 1423 445 1490 liter
464 1440 496 1489 ut
514 1423 687 1511 Apostolus
706 1421 795 1489 valde
816 1440 887 1489 sunt
907 1422 1034 1510 perlecti
1054 1425 1086 1489 in
1105 1423 1272 1490 dilectione
1294 1423 1410 1489 Dete>

443 1530 474 1594 8.
499 1528 603 1619 [WH.
627 1528 766 1608 XLVII,
790 1529 834 1618 3].
890 1529 1055 1596 Osrsusro
1084 1551 1178 1604 Quoo
1208 1551 1276 1596 arou
1300 1550 1347 1595 srr
1374 1549 1445 1594 asr-

376 1656 470 1702 uaus
492 1637 695 1701 Dauruaous.
743 1635 782 1702 Et
812 1635 961 1722 spiritalia
986 1637 1089 1725 itaque
1113 1636 1163 1703 laic
1195 1635 1278 1716 fecit,
1306 1658 1447 1722 quorum

376 1767 474 1832 usque
500 1741 538 1809 ad
564 1744 691 1809 tertium
718 1744 840 1809 caelum
863 1743 1040 1831 speculator
1068 1743 1166 1810 lactus
1190 1761 1237 1810 est
1253 1743 1445 1831 Apostolus:

375 1867 406 1916 et
421 1847 640 1916 inenarrabiles
662 1872 837 1930 sermones,
855 1873 936 1938 quos
948 1873 1013 1916 non
1026 1850 1097 1917 licet
1114 1850 1237 1917 homini
1250 1850 1345 1938 loqui,
1365 1873 1449 1938 quo-

376 1957 462 2021 niam
486 1957 548 2021 sint
567 1955 730 2042 spiritales,
750 1971 780 2020 et
799 1956 864 2042 ipse
884 1955 934 2020 hic
954 1973 1087 2043 praestat
1106 1954 1219 2044 dignis,
1236 1954 1450 2043 quemadmo-

377 2059 452 2126 dum
466 2061 549 2128 vult:
566 2059 659 2127 huius
679 2064 765 2126 enim
781 2078 828 2127 est
844 2061 1019 2149 paradisus:
1035 2079 1065 2129 et
1081 2085 1155 2128 rere
1171 2079 1218 2128 est
1235 2065 1360 2151 spiritus
1375 2063 1449 2145 Dei,

377 2168 431 2235 sed
451 2191 514 2234 non
534 2169 677 2234 animalis
697 2169 902 2256 Demiurgus,
926 2169 1065 2256 alioquin
1088 2192 1263 2257 numquam
1287 2170 1450 2257 spiritalia,

377 2273 565 2361 perfecisset.
614 2275 644 2341 Si
659 2291 763 2340 autem
780 2275 925 2340 animalis
948 2274 1009 2356 laic,
1024 2298 1077 2362 per
1093 2298 1187 2363 quent
1207 2275 1286 2341 facta
1299 2291 1371 2341 sunt
1384 2277 1451 2362 spi-

378 2381 487 2460 ritalia,
511 2379 644 2447 referant
668 2379 768 2447 nobis.
816 2380 877 2474 Sed
900 2403 1000 2468 neque
1024 2381 1105 2472 [per]
1129 2383 1309 2448 enixionem
1336 2385 1451 2448 matris

378 2509 462 2569 suae,
486 2485 568 2574 quod
594 2488 779 2573 semetipsos
803 2511 871 2553 esse
894 2487 1011 2569 dicunt,
1028 2486 1146 2554 lactum
1165 2511 1233 2554 esse
1252 2485 1326 2575 quid
1341 2505 1453 2554 osten-

378 2592 451 2660 dere
475 2593 597 2659 habent.
645 2593 686 2658 Hi
709 2594 794 2660 enim
819 2616 883 2659 non
902 2610 1023 2660 tanturn
1047 2593 1162 2682 aliquid
1185 2593 1224 2661 de
1247 2593 1452 2684 spiritalibus

379 2700 433 2767 sed
457 2723 496 2766 ne
519 2699 646 2788 quidem
671 2724 825 2780 muscam,
856 2717 908 2767 aut
936 2701 1080 2783 culicem,
1108 2717 1161 2768 aut
1183 2701 1244 2767 tale
1267 2701 1385 2789 aliquid
1414 2726 1453 2766 ex

379 2807 527 2896 hisquae
552 2823 623 2873 sunt
646 2805 870 2873 contemtibilia
894 2808 1038 2874 animalia
1063 2809 1174 2895 pusilla
1198 2805 1345 2895 perficere
1377 2831 1455 2895 pos-

380 2929 462 2994 sunt,
486 2928 686 2999 praeteream
701 2913 865 2994 rationem,
889 2937 967 3001 quae
986 2911 1024 2979 ab
1041 2914 1130 2980 initio
1149 2915 1252 2980 aDeo
1275 2936 1331 3002 per
1354 2916 1457 2980 semi-

379 3043 457 3086 num
480 3016 706 3085 demissionem
727 3020 758 3084 in
777 3019 826 3086 lris
845 3041 924 3106 quae
947 3037 1019 3086 sunt
1042 3018 1183 3086 eiusdem
1203 3021 1336 3108 generis,
1361 3037 1456 3087 natu-

381 3125 484 3192 raliter
508 3124 586 3192 facta
610 3142 682 3191 sunt
706 3143 797 3213 atque
821 3127 909 3209 liunt,
933 3128 1088 3194 animalia.
1136 3127 1196 3196 Sed
1219 3125 1412 3214 nequidem
1437 3154 1456 3194 a

381 3232 445 3298 sola
470 3249 568 3299 matre
592 3231 709 3299 facturn
732 3232 865 3320 aliquid3
888 3231 995 3300 dicunt
1018 3235 1171 3300 emissum
1195 3232 1277 3300 hunc
1302 3234 1457 3300 Demiur-

381 3360 470 3424 gum,
482 3353 513 3402 et
523 3336 692 3403 dominum
710 3340 873 3405 universae
888 3340 1088 3426 operationis.
1097 3339 1130 3392 (²)
1168 3339 1206 3406 Et
1222 3363 1296 3405 eum
1311 3338 1454 3428 quidem,

382 3531 460 3592 disse,
476 3544 664 3600 argumentum
674 3533 724 3584 erit
737 3533 818 3586 etiam
832 3550 889 3586 cor·
943 3534 1098 3605 spiritualia,
1108 3551 1175 3606 quae
1185 3535 1302 3588 eiusdem
1314 3534 1456 3606 Demiurgi

309 3643 320 3666 ο
383 3633 430 3687 pus
450 3617 567 3686 praemio
581 3617 737 3687 participare
753 3618 819 3671 sicut
833 3636 890 3688 par·
944 3635 1024 3688 opera
1043 3631 1105 3672 sunt
1123 3619 1167 3690 qui
1186 3619 1247 3672 lecit
1266 3631 1316 3672 etc.

383 3702 465 3771 ticeps
489 3701 604 3754 iustitiae
627 3701 685 3768 (cst.
708 3704 740 3755 ab
763 3703 849 3770 init.);
869 3703 890 3756 si
981 3705 1023 3770 (ι)
1043 3703 1062 3754 1.
1082 3719 1104 3756 e.
1125 3720 1237 3774 quorum
1260 3706 1456 3769 (sacramento-

383 3785 572 3838 dicaturextra
588 3796 685 3856 corpus,
706 3787 759 3839 iarn
774 3789 891 3840 maxima
945 3789 1016 3854 rum)
1045 3788 1224 3857 speculatores
1250 3785 1314 3839 lient
1338 3786 1376 3838 hii
1404 3800 1456 3840 etc.

384 3869 523 3923 difficultas
534 3883 686 3924 removetur
696 3889 785 3924 coram
797 3873 837 3924 his
848 3871 891 3943 qui
947 3869 1097 3924 Hellenismo
1113 3869 1272 3939 (infinitivus
1286 3887 1335 3942 pro
1347 3870 1457 3924 subiun-

384 3966 476 4026 putent
496 3973 555 4008 cum
575 3973 685 4025 corpore
699 3956 732 4009 ad
746 3974 777 4009 ea
793 3957 891 4009 assumi
946 3954 1030 4023 ctivo)
1049 3957 1209 4009 sententiam
1229 3953 1282 4008 sere
1301 3954 1459 4025 inintelligi-

384 4039 442 4110 quis
467 4055 523 4092 non
547 4057 637 4109 posse;
664 4041 707 4111 qui
733 4041 814 4110 igitur
836 4059 892 4111 per·
947 4039 1026 4092 bilem
1044 4040 1171 4111 interpres
1186 4039 1308 4093 reddidit.

384 4124 490 4176 mittent
506 4142 554 4177 uos
570 4123 640 4192 (sine
655 4127 776 4195 corpore)
795 4125 893 4196 perspi·
985 4127 1026 4192 (2)
1046 4125 1100 4178 Clr.
1114 4126 1134 4192 l,
1147 4141 1175 4190 r,
1192 4140 1202 4194 3
1218 4127 1256 4196 (p.
1270 4125 1346 4194 109):
1359 4128 1459 4193 Κύριον

385 4224 444 4260 cere
463 4208 606 4278 aliquando
625 4227 701 4279 posse
716 4225 747 4262 ea
766 4209 894 4281 mysteria
948 4213 979 4262 δὲ
997 4217 1045 4277 τῆς
1064 4211 1130 4278 ὅλης
1148 4208 1336 4277 πραγματείας.
