3238 5090
195 473 426 541 (xxxxix-ar]
592 476 682 522 erue«
704 475 869 522 secuxpus
1198 475 1259 541 403

195 671 309 760 veret),
332 671 491 736 nesciente
515 671 702 760 Demiurgo,
726 673 888 738 enuntiare
911 671 1065 760 profunda
1088 690 1118 740 et
1141 675 1264 740 inenar-

195 775 302 843 rabilia
325 777 475 863 mysteria
498 775 707 865 prurientibus
731 800 830 844 aures.
842 777 875 831 (¹)
928 779 967 844 Et
990 802 1056 846 non
1079 779 1185 846 solum
1209 802 1263 868 per

195 881 372 948 Hesiodum
400 881 460 948 hoc
488 899 614 970 operata
645 899 692 950 est
716 900 814 950 mater
838 905 950 950 eorum
978 885 1167 971 mysterium
1191 884 1263 966 dici,

196 989 249 1056 sed
273 1007 303 1055 et
327 987 452 1056 Pindari
476 989 566 1076 lyrici
576 989 610 1044 (²)
632 991 786 1079 sapienter
805 989 904 1073 valde,
920 1008 954 1057 ut
973 992 1070 1058 caelet
1085 993 1263 1081 Demiurgo

196 1097 228 1161 in
251 1096 378 1183 Pelope,
402 1097 491 1162 cuius
521 1119 594 1162 caro
624 1098 657 1162 in
686 1113 789 1186 partes
813 1120 830 1163 a
853 1114 938 1186 patre
967 1098 1067 1166 divisa
1090 1117 1148 1180 est,
1171 1115 1202 1166 et
1225 1099 1262 1166 ab

195 1199 344 1268 omnibus
367 1202 426 1269 diis
449 1203 589 1286 collecta,
606 1221 636 1270 et
654 1203 756 1286 allata,
773 1220 803 1270 et
818 1223 992 1292 compacta,
1008 1205 1186 1274 Pandoram
1201 1207 1263 1274 hoc

197 1309 294 1376 modo
312 1307 514 1398 significavit:
534 1335 571 1377 ex
587 1333 646 1398 qua
666 1327 697 1377 et
714 1311 765 1378 isti
784 1313 966 1400 compuncti
976 1313 1009 1366 (³)
1028 1312 1138 1380 eadem
1153 1337 1265 1380 secun-

195 1415 271 1483 dum
287 1439 342 1482 eos
360 1416 509 1498 dicentes,
525 1415 666 1484 eiusdem
685 1419 809 1506 generis
825 1436 856 1486 et
871 1419 998 1506 spiritus
1015 1436 1087 1486 sunt
1102 1443 1176 1486 cum
1191 1421 1262 1487 illis.

264 1595 343 1662 Cir.
355 1595 460 1662 XXII.
494 1593 706 1687 [XXXII,6].
750 1595 1262 1672 Osmvsroouoxrxnuvoaxxo

196 1723 263 1768 xov
293 1722 559 1768 praeconaverit
581 1703 735 1770 Domvus
758 1723 836 1770 eosr
860 1725 1042 1772 oxvnsllun
1064 1727 1122 1772 seo
1146 1725 1263 1772 oliveri

197 1827 345 1873 xasursse
368 1828 435 1873 eux
460 1828 622 1874 xnrxreu.
673 1831 699 1874 1.
721 1809 806 1892 Quia
829 1827 934 1876 autem
954 1828 984 1878 et
1002 1813 1186 1878 tricenarius
1205 1837 1264 1878 nu-

196 1936 302 1979 merus
326 1936 437 1980 eorum
462 1915 566 1981 omnis
590 1915 703 1982 excidit
726 1915 900 1984 secundum
924 1942 990 2000 eos,
1009 1917 1176 2008 aliquando
1194 1923 1264 2008 qui-

195 2018 268 2086 dem
291 2021 407 2106 paucis
431 2020 598 2108 aliquando
629 2037 733 2088 autem
760 2023 903 2111 plurimis
928 2022 1090 2091 Aeonibus
1113 2027 1220 2092 statim
1231 2027 1264 2079 (⁴)

195 2126 227 2191 in
240 2126 417 2192 Pleromate
434 2128 579 2206 inventis,
592 2129 797 2196 ostendimus.
822 2131 897 2198 Non
910 2155 985 2220 ergo
998 2133 1124 2220 triginta
1137 2134 1263 2199 Aeones

196 2248 278 2314 sunt,
301 2253 359 2297 nec
383 2230 424 2298 ob
448 2231 508 2298 hoc
532 2232 674 2299 Salvator
693 2235 819 2323 triginta
835 2259 990 2304 annorum
1007 2240 1159 2305 exsistens
1178 2241 1264 2305 venit

195 2338 233 2404 ab
250 2338 459 2432 baptismum,
483 2355 517 2404 ut
545 2341 722 2408 ostenderet
745 2343 855 2408 tacitos
866 2344 900 2396 (⁵)
923 2345 1049 2410 Aeones
1073 2368 1184 2412 eorum
1208 2348 1264 2413 tri-

195 2445 297 2532 ginta:
322 2444 460 2532 alioquin
483 2447 587 2534 ipsum
598 2447 632 2501 (6)
653 2449 793 2535 primum
817 2467 908 2517 erunt
930 2450 1140 2519 discernentes
1160 2469 1190 2519 et
1209 2454 1264 2520 eii-

230 2603 272 2669 (1)
300 2605 484 2669 Κνηθομένοις
521 2607 569 2671 τὴν
606 2609 701 2674 ακοήν.
755 2607 886 2658 caelatum
901 2623 946 2660 seu
957 2607 1141 2661 absconditum
1153 2625 1263 2664 esse...

196 2685 249 2738 Clr.
273 2684 378 2738 Timoth.
398 2687 446 2751 IV,
470 2701 493 2754 3.
792 2692 833 2757 (3)
850 2693 1121 2762 Κεκαυτηριασμὲνοι,
1131 2694 1147 2745 i.
1156 2710 1178 2747 e.
1188 2695 1263 2764 quasi

232 2773 273 2838 (2)
295 2771 364 2840 (διὰ)
391 2773 438 2824 τοῦ
456 2775 596 2838 Πινδάρου,
624 2773 650 2826 h.
680 2790 702 2826 e.
756 2776 873 2828 cauterio
892 2776 974 2829 inusti
987 2776 1069 2844 (clxi
1087 2776 1151 2830 Tim.
1165 2777 1211 2842 IV,
1226 2781 1263 2846 2).

197 2874 241 2925 per
259 2855 410 2908 Pindarum.
447 2857 644 2926 Argumentum
663 2869 702 2910 est

197 2940 295 3010 Oltam·
306 2940 348 2992 od.
367 2957 387 2992 1.
424 2939 478 2994 Cfr.
494 2940 578 2994 Ovlt).
599 2941 702 2996 Metam.

196 3024 217 3087 1,
233 3039 293 3090 407,
307 3036 333 3076 et
345 3023 465 3078 Tarrxx.
481 3041 506 3078 o.
521 3042 544 3078 c.
561 3039 590 3090 25
609 3026 655 3078 fin.
668 3057 704 3066 -

200 3107 320 3177 «Pelops
338 3124 401 3162 vero
423 3108 492 3162 filius
514 3109 620 3162 Tantali
646 3110 703 3176 suit,

200 3211 212 3240 «
223 3190 296 3243 cuius
311 3204 391 3261 pater,
407 3210 489 3263 quum
504 3194 567 3246 deos
580 3195 607 3247 in
626 3197 703 3249 terris

200 3297 213 3326 «
224 3290 351 3346 vagantes
360 3279 475 3348 hospitio
485 3291 511 3332 et
522 3281 646 3333 convivio
658 3300 703 3334 ex·
722 3295 725 3302 ·

200 3363 343 3432 «cepisset,
364 3374 392 3415 ut
411 3377 483 3416 certo
511 3365 599 3435 aliquo
627 3383 703 3436 argu-

200 3466 213 3496 «
223 3459 315 3498 mento
328 3446 494 3500 divinitatem
513 3465 606 3501 eorum
625 3465 703 3520 expe-

200 3551 212 3579 «
224 3531 325 3594 riretur,
335 3531 460 3602 Pelopem
474 3531 557 3585 lilium
571 3535 703 3586 membra-

200 3614 271 3667 «tim
297 3615 440 3668 dissectum
465 3617 516 3669 illis
541 3619 702 3686 epulandum

199 3718 212 3749 «
223 3699 356 3769 apposuit;
423 3701 521 3770 Iupiter
534 3718 598 3754 vero
611 3703 703 3756 miser·

197 3797 273 3848 «tus,
295 3785 411 3837 collectis
430 3786 547 3854 partibus
566 3803 631 3857 quas
649 3788 702 3840 sin-

199 3891 211 3918 «
222 3871 298 3940 gulas
310 3871 390 3923 ceteri
403 3871 439 3923 dii
453 3872 504 3924 illis
519 3873 703 3938 exhibuerunt,

198 3975 211 4002 (ι
222 3954 254 4006 ad
266 3970 293 4007 se
302 3955 382 4007 allata
392 3968 417 4008 et
428 3969 565 4026 compacta
576 3957 608 4009 ad
619 3958 702 4010 vitam

199 4039 387 4092 «revocavit».
418 4038 701 4094 ltafereFruarcorur.

195 4139 227 4174 ex
247 4121 409 4177 Scxorrasr.
428 4125 461 4177 ad
481 4144 506 4177 v.
525 4124 556 4192 38
570 4124 702 4195 praefatae

195 4204 279 4260 Odae.
316 4207 353 4260 Ut
372 4210 455 4262 caelet
469 4211 550 4278 (ὥστε
563 4211 674 4280 κρύψαι)
684 4234 701 4255 =

756 2859 874 2912 Burrus.
914 2860 963 2913 Hic
978 2878 1042 2914 vero
1059 2862 1139 2914 veluti
1158 2863 1263 2915 «obdu-

759 2943 853 2996 «rati»
866 2945 1074 3014 «impudentes»
1088 2958 1138 2999 etc.
1148 2947 1262 3016 ponitur.

756 3029 845 3100 Aegre
862 3029 928 3082 haec
951 3029 1042 3083 referri
1061 3044 1171 3100 possunt
1191 3032 1224 3084 ad
1243 3032 1263 3096 Ι,

756 3127 825 3178 xxv,
847 3111 864 3166 6
883 3113 921 3183 (p.
939 3111 1002 3182 266)
1022 3127 1051 3168 ut
1070 3116 1126 3169 vult
1146 3115 1262 3188 Harvey.

792 3199 835 3262 (4)
850 3200 932 3261 εὐθύς
948 3215 995 3269 pro
1010 3202 1088 3262 αὐθις
1104 3199 1134 3268 (=
1146 3201 1262 3264 rursus)?

792 3283 834 3348 (ς)
850 3286 1022 3350 asemper«
1035 3285 1098 3355 «qui
1109 3297 1262 3338 tacentur».

756 3365 810 3420 Clr.
829 3366 849 3431 1,
869 3381 886 3427 1,
905 3383 915 3435 3
934 3367 1017 3436 (init).
1054 3368 1130 3432 Quae
1145 3387 1198 3422 vox
1217 3387 1263 3440 op-

756 3463 868 3520 portune
881 3451 923 3504 hic
934 3452 1072 3506 adhibetur
1082 3471 1163 3524 quum
1173 3454 1206 3506 de
1219 3473 1263 3507 eo·

756 3553 814 3588 rum
835 3537 997 3590 revelatione
1015 3550 1116 3608 agatur.
1129 3570 1165 3578 —
1177 3539 1263 3592 Subti-

756 3619 807 3672 lior
821 3620 901 3690 igitur
913 3633 970 3674 tum
984 3623 1051 3675 ratio
1067 3624 1146 3675 allata
1162 3642 1177 3676 a
1190 3624 1263 3676 Mas-

756 3719 824 3757 surr
843 3706 970 3775 «quasia
989 3706 1051 3776 Sige
1069 3707 1174 3778 geniti»
1195 3709 1263 3778 [sic]‚

755 3801 813 3841 tum
838 3790 967 3843 correctio
992 3789 1122 3844 Haxvex:
1152 3805 1264 3845 «osten-

760 3893 773 3922 α
784 3874 856 3926 deret
875 3874 1005 3928 tacitus».

792 3957 834 4024 (6)
851 3957 869 4008 Ι.
886 3974 908 4010 e.
924 3958 1046 4012 Salvator
1061 3959 1104 4029 qui
1123 3960 1263 4013 eliminan-

756 4041 804 4094 dus
828 4053 853 4094 et
879 4042 1011 4094 tollendus
1027 4047 1229 4110 (διακρίνοντες)
1248 4062 1263 4098 e

755 4126 905 4179 Pleromate
917 4127 966 4180 erit
982 4127 1004 4180 si
1019 4139 1123 4181 tantum
1136 4143 1196 4182 xxx
1210 4130 1263 4183 sint

755 4211 870 4264 Aeones.
907 4210 961 4264 Clr.
980 4229 1049 4284 supr.
1068 4227 1117 4277 xri,
1137 4227 1160 4282 7.
