3238 5090
157 548 290 618 (L-Lll).]
558 551 647 597 arsen
669 551 834 597 secundus
1163 539 1224 618 465

157 767 256 830 quum
276 767 422 810 excusare
442 767 505 810 non
526 760 641 832 posset,
661 743 831 811 oblivionis
850 744 971 812 induxit
989 745 1152 833 poculum,
1171 769 1228 833 pu-

156 867 225 916 tans
245 874 277 916 se
296 873 349 939 per
373 851 433 917 hoc
457 853 598 938 aporiam
622 849 806 918 huiusmodi
829 851 985 940 effugere:
1010 853 1225 919 ostensionem

155 956 283 1044 quidem
307 957 425 1024 nullam
450 957 577 1039 iaciens,
596 957 775 1046 dogmatice
799 976 903 1025 autern
928 957 1132 1047 respondem,
1148 981 1228 1046 quo-

155 1065 241 1130 niam
260 1066 453 1132 introeuntes
473 1067 597 1132 animae
616 1068 648 1132 in
667 1067 747 1132 hanc
766 1067 876 1145 vitam,
893 1065 930 1132 ab
947 1067 1053 1154 coqui
1071 1083 1227 1154 estsuper

155 1173 320 1239 introitum
339 1172 503 1253 daemone,
523 1175 706 1262 priusquam
727 1173 759 1239 in
779 1195 910 1261 corpora
934 1175 1060 1247 intrent,
1080 1189 1225 1261 potantur

156 1277 360 1346 oblivionem
405 1280 443 1346 Et
466 1279 554 1345 latuit
578 1282 783 1368 semetipsum
801 1281 833 1346 in
850 1281 979 1346 alteram
1003 1281 1159 1347 maiorem
1178 1281 1227 1346 in-

155 1386 262 1452 cidens
278 1388 428 1474 aporiam.
475 1387 508 1452 Si
525 1388 611 1452 enim
628 1386 796 1452 oblivionis
812 1387 961 1475 poculum
977 1402 1089 1474 potest,
1104 1402 1227 1474 postea-

155 1514 250 1578 quam
269 1490 421 1558 ebibitum
438 1508 495 1574 est‚
512 1493 658 1558 omnium
671 1490 827 1558 factorum
844 1491 1009 1558 obliterare
1024 1493 1225 1572 memoriam,

155 1597 215 1664 boc
239 1597 343 1686 ipsum
367 1597 448 1664 unde
476 1599 584 1680 scis,o
610 1598 709 1680 Plat0,
733 1621 833 1686 quum
861 1600 900 1664 sit
928 1603 1012 1664 nunc
1036 1600 1068 1663 in
1092 1619 1225 1686 corpore

155 1705 259 1770 anima
283 1721 345 1784 tua,
369 1707 530 1793 quoniam.
555 1705 736 1792 priusquam
760 1707 791 1771 in
815 1727 930 1793 corpus
953 1705 1097 1785 introeat,
1117 1729 1135 1770 a
1153 1703 1226 1770 dae-

155 1833 251 1878 mone
267 1828 371 1899 potata
383 1832 429 1879 est
442 1810 612 1878 oblivionis
629 1811 914 1878 medicamentum?
950 1813 983 1879 Si
994 1813 1080 1877 enim
1096 1810 1225 1877 daemo-

154 1941 240 1998 nem,
253 1934 284 1983 et
299 1917 460 2005 poculum,
470 1935 501 1984 et
515 1919 678 1985 introitum
696 1919 918 2000 reminisceris
927 1935 957 1984 et
973 1917 1088 2006 reliqua
1101 1933 1224 2001 oportet

154 2047 346 2111 cognoscas:
367 2026 393 2091 si
408 2041 513 2090 autem
525 2024 577 2090 illa
588 2026 725 2112 ignoras,
740 2047 841 2112 neque
856 2025 993 2090 daemon
1004 2045 1108 2104 verus,
1123 2047 1224 2111 neque

153 2129 320 2196 artificiose
339 2132 553 2219 compositum
574 2130 743 2198 oblivionis
761 2131 957 2219 poculuml²l

224 2258 252 2322 3.
277 2237 383 2328 [WH.
408 2236 497 2327 LII}
546 2238 709 2306 Osauxsro
736 2259 889 2312 Quovmu
916 2259 1038 2312 conaus
1070 2258 1138 2304 uon
1167 2257 1223 2303 ssa

154 2364 294 2410 osL1v10.
342 2343 502 2410 Adversus
535 2361 640 2410 autem
669 2367 734 2426 eos,
758 2346 810 2432 qui
834 2344 941 2411 dicunt
973 2347 1076 2432 ipsum
1108 2366 1222 2431 corpus

153 2474 221 2517 esse
241 2450 408 2518 oblivionis
429 2451 706 2532 medicamentum,
723 2469 865 2518 occurret
883 2451 962 2518 hoc:
983 2451 1145 2538 quomodo
1165 2453 1224 2538 igi-

153 2574 203 2622 tur
219 2557 439 2644 quodcumque
455 2581 510 2646 per
526 2560 728 2645 semetipsam
752 2559 855 2623 anima
878 2558 973 2636 videt,
991 2575 1021 2624 et
1037 2559 1068 2622 in
1088 2559 1221 2624 somniis

153 2681 183 2731 et
214 2664 387 2730 secundum
417 2665 641 2752 cogitationem
668 2667 798 2748 <mentis
829 2666 1060 2748 intentionem),
1090 2686 1221 2752 corpore

152 2773 340 2859 quiescente,
354 2774 420 2860 ipsa
436 2774 658 2854 reminiscitur,
671 2789 701 2837 et
717 2772 872 2838 renuntiat
892 2772 1067 2860 proximis?
1106 2770 1166 2838 Sed
1182 2793 1220 2837 ne

152 2877 280 2966 quidem
305 2901 340 2944 ea
363 2902 443 2966 quae
466 2879 544 2945 olim
568 2880 671 2966 agnita
696 2895 778 2960 sunt,
798 2895 850 2944 aut
874 2901 928 2966 per
951 2878 1072 2958 oculos
1092 2894 1144 2943 aut
1167 2900 1222 2966 per

152 2984 304 3066 auditum,
329 2987 525 3053 meminisset
557 2988 661 3052 anima
685 2987 717 3051 in
742 3008 873 3073 corpore
903 2987 1066 3066 exsistens,
1090 2986 1117 3050 si
1140 3002 1221 3051 esset

152 3113 266 3178 corpus
285 3091 418 3172 oblivi03
438 3092 491 3159 sed
512 3092 605 3159 simul
626 3111 717 3179 atque
736 3090 774 3158 ab
793 3093 940 3179 inspectis
959 3091 1080 3157 abesset
1098 3091 1219 3171 oculus,

151 3197 325 3265 auferretur
344 3200 450 3286 utique
468 3216 498 3265 et
514 3223 549 3265 ea
567 3222 646 3287 quae
666 3215 747 3265 esset
766 3199 804 3266 de
823 3198 872 3265 bis
893 3200 1056 3266 memoria.
1102 3199 1138 3265 In
1154 3199 1219 3286 ipsa

150 3305 236 3370 enim
261 3303 420 3371 oblivione
444 3307 596 3371 exsistens
621 3306 724 3371 anima
748 3305 825 3372 nibil
846 3304 928 3373 aliud
948 3328 1140 3394 cognoscere
1163 3329 1220 3394 po-

151 3537 214 3572 nam
234 3520 302 3573 banc
321 3520 390 3586 fecit,
406 3538 466 3574 eam
478 3521 579 3590 primus
596 3537 659 3574 con·
713 3523 821 3577 Vincta.
838 3522 940 3577 Arnaid.
952 3523 996 3577 Vl.
1033 3523 1083 3577 Sed
1094 3523 1120 3576 id
1134 3524 1220 3594 potius

150 3617 259 3657 nectens
278 3623 338 3658 cum
357 3606 460 3676 origine
473 3606 591 3659 idearum
610 3623 659 3658 no·
711 3610 814 3678 poetice
823 3610 944 3662 enuntiat
954 3609 1037 3662 Plato.
1072 3609 1146 3661 Alias
1159 3626 1219 3660 cau-

150 3700 264 3742 strarum
278 3689 349 3742 iuxta
363 3692 465 3744 celebre
476 3690 538 3743 illud
552 3691 658 3743 axioma
712 3711 754 3745 sas
773 3693 850 3745 huius
869 3694 1019 3757 oblivionis,
1038 3709 1134 3762 nempe
1152 3705 1220 3746 tem·

154 3772 263 3826 «Nosse
281 3786 321 3826 est
341 3775 492 3828 reminisci»
508 3778 526 3840 ἠ
542 3777 658 3842 μάθησις
712 3795 760 3847 pus
778 3790 804 3830 et
820 3779 847 3830 in
866 3795 959 3848 corpus
979 3777 1221 3842 immixtio,recen-

150 3859 202 3909 οὐκ
220 3859 289 3910 ἄλλο
307 3875 332 3910 τι
349 3861 367 3926 ἢ
387 3862 515 3926 ἀνάμησις
531 3859 657 3926 (Plraed.).
712 3875 750 3915 set
762 3875 788 3915 et
798 3863 915 3933 exagitat
925 3861 1065 3915 Tamum.
1076 3861 1219 3922 Dearu'ma,

150 3940 216 3994 Sunt
235 3954 326 3996 tamen
345 3945 390 4014 qui
408 3945 487 3996 verba
506 3943 603 4011 Qui..
620 3947 657 3998 lrr-
713 3961 808 4014 23-24.
822 3977 857 3985 —
870 3947 957 3999 Latuit
971 3948 1124 4017 semetipsam
1144 3949 1220 4012 (ἐλα-

150 4023 263 4077 traduxit
274 4027 344 4079 male
356 4027 515 4097 interpolata
527 4043 584 4080 esse
598 4043 658 4079 cen·
712 4032 761 4082 θεν
781 4032 888 4100 ἑαυτὸν)
909 4031 1002 4083 allusio
1021 4030 1054 4082 ad
1077 4029 1219 4082 oblivio·

150 4120 235 4162 scant.
273 4109 389 4164 Massuet
404 4127 468 4165 vero
487 4128 517 4164 ea
536 4112 569 4164 ad
580 4121 657 4183 poca-
711 4133 783 4168 nem
802 4119 912 4183 (ληθή).

150 4192 202 4245 lum
221 4193 352 4248 oblivionis
371 4197 513 4267 restringit.
748 4203 789 4268 (a)
809 4200 922 4254 Subaudi
941 4219 1028 4253 vertam
1048 4207 1095 4253 esl:
1121 4203 1184 4253 οὐδὲ
1203 4202 1219 4252 ὁ

187 4281 228 4348 (1)
248 4279 436 4334 CinPaarox.
452 4282 490 4334 De
503 4281 604 4354 Republ.
619 4284 657 4347 X;
712 4288 812 4350 δαίμων
831 4286 947 4352 ἀληθής,
967 4286 1088 4340 οὐδ’ὁ...
1107 4287 1222 4352 κρατήρ.
