3172 5044
357 446 398 530 36
770 464 1010 510 unotsooneun

358 565 368 572 -
375 565 853 574 --———--———.--——-——-—-
1070 566 1200 572 η*-
1213 567 1427 573 -—.—-

434 660 618 760 Imprimis
647 662 812 735 notanda
840 677 926 734 sunt
955 687 1053 759 quae
1080 660 1191 735 tertio
1215 663 1298 735 loco
1318 661 1425 734 dedi-

356 813 447 860 mus.
496 786 760 885 Inquirendum
781 803 838 859 est
857 785 920 859 sel.
939 812 1124 883 quaenam
1144 785 1423 860 haereticorum

353 936 471 1009 opera
489 911 534 984 Ir.
555 909 700 1009 legerit,
722 927 761 984 et
780 911 870 1008 quid
889 936 938 984 ex
966 909 1036 984 illis
1065 911 1100 984 in
1123 936 1232 983 suum
1252 911 1423 984 retulerit

355 1061 461 1134 opus.

434 1163 511 1235 lam
539 1187 562 1235 a
590 1187 671 1258 cap.
702 1161 717 1232 Ι
745 1161 794 1234 ad
823 1161 877 1234 IX
913 1186 1077 1235 «eorum
1110 1161 1289 1259 quisunt
1321 1161 1426 1234 circa

361 1287 696 1371 «Ptolemaeum»,
714 1286 981 1384 compendiose
996 1285 1148 1384 quidem
1159 1286 1346 1360 sententia
1359 1312 1426 1359 ex·

354 1411 511 1492 hibetur,
533 1435 673 1493 verum,
697 1409 915 1506 praesertim
944 1436 1042 1508 quae
1061 1426 1233 1507 spectant
1251 1410 1300 1482 ad
1327 1409 1427 1482 Scri-

353 1550 545 1631 pturarum
565 1534 921 1630 interpretationem,
951 1560 1162 1632 «persaepe
1177 1535 1281 1632 ipsae
1302 1560 1426 1632 appo·

361 1687 379 1728 ‹
394 1674 531 1732 nuntur
545 1683 675 1731 eorum
690 1659 899 1733 dictiones»
920 1663 1114 1754 (παρεθέμην
1129 1669 1226 1730 αὐτῶν
1248 1670 1302 1742 τὰς
1326 1665 1426 1743 λέξεις

356 1782 396 1881 [l,
428 1807 462 1874 9,
501 1783 568 1882 1]).
625 1783 666 1855 ld
694 1784 807 1856 etiam
836 1784 1058 1858 confirmant
1077 1782 1242 1881 paralleli
1263 1783 1333 1857 loci
1358 1785 1424 1881 qui

352 1929 466 2002 saepe
495 1905 530 1978 in
561 1907 605 1979 lr.
636 1908 872 1981 exscribente
901 1908 958 1980 bis
986 1909 1160 1982 eamdem
1190 1907 1422 1982 sententiam

353 2046 563 2103 occurrunt.
622 2031 681 2104 Ex
710 2057 785 2129 quo
813 2049 938 2106 autem
968 2057 1083 2129 opere
1105 2033 1179 2105 sint
1197 2033 1424 2129 desumptae

353 2155 556 2228 admodum
586 2181 659 2229 non
689 2156 813 2229 claret.
870 2157 1052 2230 Attamen
1085 2155 1227 2230 eisdem
1265 2157 1424 2230 subesse

354 2281 449 2354 inter
494 2280 565 2355 alia
609 2282 792 2366 videntur,
842 2307 938 2380 quae
985 2283 1058 2356 iam
1105 2299 1424 2356 commemoratus

353 2420 442 2490 erat,
475 2407 743 2479 commentaria
762 2405 965 2480 Ptolemaei
994 2407 1030 2480 in
1060 2431 1212 2505 genere,
1242 2433 1286 2480 ac
1315 2428 1422 2503 prae-

353 2531 480 2603 sertim
513 2531 699 2628 expositio
737 2532 773 2605 in
812 2533 1014 2630 Prologum
1054 2532 1203 2605 Ioannis
1246 2533 1361 2629 (quae
1391 2532 1419 2616 I,

354 2656 388 2738 8,
422 2677 454 2747 5,
485 2657 717 2728 adverbum
746 2656 942 2752 refertur):
975 2656 1031 2728 his
1059 2672 1185 2728 tamen
1214 2654 1307 2728 alios
1347 2655 1423 2729 Va-

352 2778 544 2852 lentiniani
586 2779 746 2877 generis,
791 2806 905 2877 saepe
943 2780 1113 2853 doctrina
1141 2779 1418 2865 dissentientes,

353 2903 474 2976 sontes
516 2902 712 2978 interserit.
784 2904 901 2977 Marci
944 2905 1058 2977 libros
1096 2930 1126 2977 c.
1157 2903 1350 2976 XIV-XV
1380 2929 1417 2995 4,

353 3028 599 3101 XVlll-XlX
627 3045 665 3102 et
693 3030 965 3103 Marcosiorum
995 3056 1025 3103 c.
1057 3027 1147 3100 XVI
1167 3046 1205 3101 et
1225 3028 1332 3101 XVll
1358 3055 1421 3101 ex·

354 3169 502 3249 cerptos
521 3179 564 3226 ac
594 3170 806 3227 contractos
826 3180 909 3228 esse
934 3170 1090 3238 constat,
1114 3153 1202 3251 quin
1227 3179 1418 3226 moremur

354 3277 616 3374 complurimas
643 3277 724 3352 illas
750 3277 949 3352 afferentes
974 3279 1150 3351 formulas
1169 3304 1266 3376 quae
1286 3303 1334 3350 ex
1356 3303 1417 3350 eo-

354 3427 434 3473 rum
462 3400 583 3474 rituali
603 3427 632 3474 c.
656 3402 747 3473 XlV
767 3420 804 3476 et
824 3403 915 3474 XXl
945 3403 1164 3475 reseruntur.
1223 3401 1347 3473 Etiam
1370 3428 1418 3474 ex

352 3526 620 3598 Anlz'tlzesz‘bus
640 3527 851 3612 Marcionis,
883 3553 976 3623 quas
1005 3526 1246 3624 pervolgatas
1284 3542 1420 3623 postea

355 3651 441 3724 lecit
468 3651 729 3735 Tertullianus,
762 3653 973 3750 fragmenta
1000 3653 1185 3748 quaedam
1207 3677 1237 3724 c.
1260 3651 1284 3732 l,
1312 3671 1370 3742 27,
1396 3676 1417 3744 3

353 3793 390 3848 et
410 3776 468 3859 ΙΙΙ,
497 3800 553 3860 12,
582 3801 624 3849 12
648 3795 852 3850 servantur.
911 3778 972 3851 De
992 3776 1192 3849 Valentino
1216 3776 1297 3872 ipso
1320 3800 1419 3848 com-

353 3898 459 3997 plura
492 3901 627 3998 prodit,
659 3926 733 3975 non
772 3902 924 3998 quidem
953 3901 1176 3998 exscriptis
1211 3899 1316 3983 illius,
1349 3899 1418 3972 sed

354 4052 401 4099 ex
416 4027 580 4124 quodam
597 4053 752 4100 romano
766 4029 982 4101 authentico
1002 4029 1114 4111 lonte,
1138 4026 1245 4100 nobis
1265 4051 1418 4123 quoque

354 4153 389 4225 in
409 4179 557 4226 summo
575 4152 695 4251 pretio
717 4153 902 4226 habendo
960 4153 1023 4237 At,
1042 4168 1190 4249 praeter
1206 4151 1276 4224 hos
1294 4167 1419 4223 certos

14 4705 67 5020 l
378 4989 433 5020 „
