3172 5044
157 439 228 509 1..2,]
581 440 668 485 umen
693 440 806 486 uulnus
1183 440 1223 504 73

156 542 215 548 -
240 541 369 546 m„-
385 529 516 555 -ψ
906 539 1149 546 -Ἦ

153 633 288 720 ragdum
314 632 419 718 magni
444 632 533 718 pretii
558 631 636 718 apud
660 630 983 719 quosdam‚‘vitreum
1007 633 1039 698 in
1063 633 1129 698 eius
1150 654 1228 698 con-

154 737 319 804 tumeliam
350 759 404 824 per
432 753 532 801 artem
566 736 782 815 assimilatum,
806 735 1009 826 quoadusque
1040 759 1106 803 non
1129 735 1228 817 adest,

154 846 209 932 qui
232 859 337 932 potest
365 841 508 931 probare,
533 861 563 908 et
586 842 751 909 artificium
780 867 910 931 arguere
921 844 954 898 (¹)
983 843 1067 932 quod
1098 844 1229 911 subdole

154 950 195 1014 sit
219 947 349 1014 factum.
397 947 510 1028 Quum
534 949 619 1014 enim
643 950 852 1015 commixtum
887 947 979 1016 fuerit
1011 967 1227 1016 aeramentum

155 1072 298 1144 argento,
321 1057 392 1142 quis
415 1055 505 1121 facile
536 1057 658 1142 poterit,
683 1054 768 1122 mdis
801 1079 874 1122 cum
907 1057 957 1136 sit,
981 1055 1041 1122 hoc
1073 1055 1228 1144 probare?

155 1163 313 1251 igiturne
333 1161 414 1229 sorte
432 1177 462 1228 et
481 1185 554 1228 cum
566 1161 599 1215 (²)
618 1179 727 1229 nostro
750 1162 865 1228 delicto
890 1160 1077 1252 abripiantur
1100 1162 1229 1251 quidam

155 1274 245 1360 quasi
266 1293 342 1336 oves
359 1294 376 1335 a
392 1270 485 1357 lupis,
503 1271 682 1356 ignorantes
705 1293 760 1336 eos
785 1287 910 1358 propter
933 1272 1067 1336 exterius
1092 1270 1185 1336 ovilis
1197 1270 1232 1322 (³)

155 1378 246 1467 pellis
270 1375 597 1465 superindumentum,
616 1400 632 1442 a
651 1375 764 1465 quibus
787 1401 896 1443 cavere
920 1375 1118 1444 denunciavit
1137 1377 1229 1444 nobis

157 1482 362 1550 Dominusltl
385 1481 501 1547 similia
523 1481 649 1570 quidem
669 1480 760 1548 nobis
784 1483 958 1569 loquenteS‚
973 1481 1138 1549 dissimilia
1152 1505 1231 1548 vero

156 1591 352 1655 sentienties:
386 1590 598 1654 necessarium
621 1587 704 1669 duxi,
729 1611 802 1655 curn
826 1589 956 1676 legerim
983 1590 1231 1656 commentarios

156 1695 345 1782 ipsorum,(⁵)
368 1692 636 1780 quemadmodum
661 1695 719 1782 ipsi
744 1693 860 1774 dicunt,
882 1695 1038 1762 Valentini
1061 1694 1232 1783 discipulo-

157 1825 242 1880 rum,
256 1800 442 1889 quibusdam
468 1818 574 1867 autem
597 1803 739 1889 ipsorum
754 1819 784 1868 et
800 1825 998 1890 congressus,
1015 1819 1045 1868 et
1060 1802 1232 1891 apprehen-

156 1909 236 1976 dens
254 1909 439 1974 sententiam
457 1907 611 1994 ipsorum,
630 1905 829 1974 manifestare
844 1908 911 1988 tibi,
927 1906 1140 1990 dilectissime,
1159 1931 1233 1996 por-

157 2015 397 2080 tentuosissima
409 2029 440 2078 et
455 2013 606 2078 altissima
622 2016 784 2100 mysteria,
795 2037 875 2101 quae
887 2037 952 2080 non
968 2037 1081 2081 omnes
1098 2016 1233 2103 capiunt,

157 2121 234 2209 quia
254 2144 316 2188 non
333 2143 446 2187 omnes
462 2120 624 2187 cerebrum
645 2120 815 2202 habent;(⁶)
830 2139 864 2187 ut
879 2139 909 2188 et
924 2137 956 2187 tu
974 2143 1170 2211 cognoscens
1186 2145 1233 2202 ea,

157 2306 229 2357 των,
247 2285 292 2346 ὅτι
306 2283 394 2347 λίθον
410 2285 460 2345 τὸν
475 2285 568 2364 τίμιον
583 2282 756 2367 σμάραγδον
772 2287 851 2364 ὄντα,
867 2287 920 2348 καὶ
934 2284 1134 2369 πολυτίμητον
1145 2307 1230 2362 τισιν,

159 2391 255 2464 ὕαλος
277 2387 418 2474 ἐνυβαῖζει
441 2389 489 2450 διὰ
512 2386 620 2472 τέχνης
644 2389 893 2473 παρομοιοιιμὲνη,
918 2389 1031 2454 ὁπόταν
1054 2392 1096 2474 μὴ
1115 2390 1234 2474 παρηὸ

159 2497 276 2580 ἰσχύων
287 2495 458 2580 δοκιμάσαι,
470 2497 524 2558 καὶ
534 2497 644 2579 τέχνην
651 2493 798 2577 διελέγξαι
810 2499 862 2579 τὴν
871 2497 1045 2581 πανούργως
1055 2495 1233 2581 γενομένην·

160 2607 236 2666 ὅταν
259 2601 292 2664 δὲ
312 2601 434 2685 ἐιαμιγῄ
453 2600 571 2685 χαλκὸς
588 2601 629 2676 εἰς
648 2603 698 2664 τὸν
714 2603 853 2684 ἄργυρον,
870 2604 912 2678 τίς
928 2601 1061 2678 εὐκόλως
1076 2602 1233 2685 δυνήσεται

158 2719 278 2786 τοῦτον,
291 2704 433 2790 ἀκέραιος
443 2707 677 2789 ὥν,δοκιμοίσαι;
691 2708 737 2768 ἵνα
749 2709 800 2768 οὖν
812 2710 853 2791 μὴ
866 2713 917 2770 λα’·Ι
930 2710 1073 2792 παρατὴν
1084 2707 1233 2791 ἡμετέραν

159 2813 259 2878 αἰτίαν
280 2812 525 2896 ουναριτάζωνιαέ
548 2833 633 2892 τινες,
649 2811 690 2887 ὡς
704 2811 842 2897 πρόβατα
857 2815 915 2877 ὑπὸ
932 2813 1042 2896 λΰκων,
1058 2816 1233 2896 ἀγνοοῦντες

159 2923 271 2996 αὐτοὺς
290 2920 339 2982 διὰ
357 2921 411 3002 τὴν
429 2916 544 2994 ἔξωθεν
560 2928 613 3002 της
631 2917 805 3003 προβατείου
829 2921 918 3004 δορᾶς
941 2919 1093 3006 ἐπιβολὴν,
1113 2923 1164 2997 οὓς
1182 2943 1235 3003 φυ-

161 3029 290 3092 λάσσειν
312 3025 524 3111 παρήγγελκεν
546 3025 616 3110 ἡμῖν
640 3025 759 3110 Κύριος,
783 3029 871 3110 ὃμοια
895 3031 949 3111 μὲν
970 3027 1146 3108 λαλοῦντας,
1166 3025 1234 3090 dud·

162 3155 236 3217 μσια
255 3133 289 3194 οὲ
305 3139 495 3215 φρονοῦντας,
511 3132 675 3214 ἀναγκαῖον
693 3131 863 3216 ηγησᾶιμην,
881 3132 1013 3216 ἐντυχὼν
1028 3141 1087 3207 τοῖς
1105 3132 1235 3216 ὑπομνή-

161 3261 239 3325 μασι
250 3247 319 3318 τῶν,
329 3237 370 3314 ὡς
381 3238 465 3301 αὐτοὶ
476 3236 623 3321 λέγουσιν,
633 3235 833 3302 Οὐαλεντίνου
843 3240 999 3324 μαθητῶν,
1011 3240 1096 3315 ἐνίοις
1104 3237 1236 3302 δἀὐτιῖιν

161 3349 218 3410 καὶ
239 3343 412 3430 σομβαλὼν,
434 3345 488 3407 καὶ
509 3343 753 3430 καταλαβόμενος
776 3347 830 3428 την
844 3344 964 3429 γνώμην
980 3347 1090 3425 αὐτῶν,
1107 3339 1238 3430 μηνῦσαί

163 3474 223 3532 σα,
247 3453 397 3535 ἀγαιιητὲ,
421 3453 459 3512 τα
481 3448 631 3534 τερατιὶιδη
654 3451 707 3514 καὶ
730 3449 829 3535 βαθέα
852 3453 1009 3536 μυστήρια,
1029 3454 1050 3514 ἃ
1069 3455 1104 3515 οὐ
1128 3451 1236 3528 πάντες

163 3567 327 3643 χωροῦσιν,
350 3556 415 3620 ἐπεὶ
438 3559 480 3640 μὴ
503 3555 612 3630 πάντες
641 3557 693 3618 τὸν
721 3555 892 3640 ἐγκέφαλον
925 3557 1130 3640 ἐξεπτύιιασιν,
1155 3559 1236 3632 ὅπως

203 3744 246 3804 (ι)
263 3739 278 3790 i.
295 3737 440 3807 eilangoa
456 3736 674 3805 (οιελόγχεινεῑτ.
765 3738 806 3804 (5)
828 3735 1009 3788 Cournreutnrii
1026 3751 1059 3789 ex
1078 3752 1133 3807 seq.
1154 3753 1237 3806 quem-

166 3835 193 3877 et
203 3823 273 3876 titul.
284 3823 393 3892 operis).
418 3821 477 3892 Seq.
487 3820 532 3874 cfr.
544 3821 674 3885 lll‚xv‚2.
729 3819 796 3873 adm.
815 3819 901 3872 dicunt
916 3821 1008 3872 titulus
1023 3819 1128 3872 videtur
1142 3819 1238 3889 operis,

202 3911 246 3976 (2)
266 3905 380 3959 Graece:
394 3905 578 3976 absquenostra
594 3905 675 3977 culpa.
731 3904 840 3957 sortasse
860 3907 1047 3971 Ὑπομνήματα
1065 3903 1219 3957 Ptolemaei.

200 3997 245 4061 (γ)
266 3991 306 4044 lta
322 4007 370 4060 pro
385 3990 474 4042 ouilluc
489 3991 531 4042 vel
544 3990 651 4042 ovinae!
767 3987 809 4058 (6)
829 3991 1191 4060 ἐξεπτὺιιαοινειαιριιαιιαιε
1200 3987 1240 4038 vis

201 4081 245 4146 (4)
265 4076 379 4128 Μαι-ιιι.
404 4074 462 4138 VII,
493 4089 537 4140 15:
565 4091 614 4144 pro
637 4091 676 4127 se·
730 4073 1239 4144 loquutionrslongealiaz=nonomucs

166 4163 308 4234 quentibus
323 4159 368 4212 clr.
376 4159 518 4212 ΤΕιιτυιι.
528 4158 627 4211 Proesc.
637 4159 676 4226 38.
731 4158 865 4210 adrnitluul
874 4160 1023 4225 (χωροῦσιν)
1031 4159 1146 4228 quianon
1156 4172 1239 4208 orianes
