3230 5062
360 453 419 499 110
643 455 773 500 lRENAEl
796 453 955 500 ADVERSUS
978 455 1133 502 HAERESES
1303 451 1348 523 [V,
1366 467 1416 519 4-5

354 672 449 738 quam
466 670 597 715 omnem
608 649 775 716 animalem
786 647 1030 714 substantiarum
1045 669 1208 718 mutorum
1224 650 1418 732 animalium,

353 775 383 825 et
398 757 576 824 hominum.
622 757 662 822 Et
672 773 798 846 propter
813 756 873 823 hoc
890 759 1084 846 superiorem
1095 758 1129 814 (²)
1144 781 1218 824 eum
1234 760 1419 825 existentem

354 865 508 952 praescire
522 884 601 952 quae
625 879 697 929 sunt
716 862 872 950 spiritalia,
897 880 927 929 et
946 885 979 930 se
999 880 1123 951 putasse
1142 868 1247 930 solum
1267 861 1372 945 deum,
1389 879 1420 929 et

353 993 409 1059 per
423 969 589 1058 prophetas
605 967 734 1036 dixisse:
757 969 855 1058 «Ego
871 970 969 1050 Deus,
989 989 1019 1037 et
1038 987 1159 1058 praeter
1174 993 1227 1036 me
1241 993 1336 1036 nemo
1346 971 1421 1034 ult>

352 1077 402 1146 De
421 1077 544 1143 tristitia
566 1093 670 1143 autem
695 1075 842 1163 spiritalia
859 1075 993 1144 malitiae
1000 1077 1034 1128 (⁴)
1052 1076 1166 1144 docent
1181 1076 1271 1144 lacta:
1292 1075 1418 1144 undeet

352 1183 511 1252 diabolum
543 1184 672 1272 genesin
700 1181 855 1262 habuisse,
878 1205 974 1271 quem
1006 1199 1036 1250 et
1061 1183 1339 1251 Cosmocratorem
1361 1206 1419 1250 vo-

352 1308 434 1373 cant,
465 1307 495 1357 et
518 1289 694 1370 daemonia,
718 1306 747 1355 et
770 1312 900 1357 omnem
923 1290 1094 1377 spiritalem
1119 1289 1253 1356 malitiae
1277 1290 1419 1356 substan-

352 1400 439 1465 tiam.
486 1397 546 1464 Sed
570 1399 780 1486 Demiurgum
804 1395 931 1485 quidem
967 1395 1151 1485 psychicum
1184 1395 1285 1464 filium
1310 1398 1418 1464 matris

353 1527 426 1572 suae
448 1504 565 1586 dicunt,
591 1505 868 1572 Cosmocratorem
892 1525 968 1570 vero
992 1519 1164 1570 creaturam
1188 1504 1371 1591 Demiurgi;
1388 1518 1418 1568 et

353 1611 632 1677 Cosmocratorem
655 1609 782 1698 quidem
799 1609 971 1696 intelligere
990 1633 1025 1675 ea
1041 1631 1119 1697 quae
1135 1626 1207 1675 sunt
1226 1631 1317 1697 supra
1333 1631 1417 1688 eum,

352 1717 502 1806 quoniam
526 1718 566 1782 sit
589 1715 734 1803 spiritalis
757 1715 890 1795 malitia3
928 1715 1140 1803 Demiurgum
1164 1738 1240 1782 uero
1263 1717 1417 1804 ignorare,

352 1848 426 1890 cum
457 1824 497 1890 sit
527 1823 681 1890 animalis.
727 1821 874 1889 Habitare
904 1839 1035 1889 matrem
1068 1822 1196 1911 quidem
1219 1825 1360 1910 ipsorum
1385 1823 1417 1887 irr
1465 1907 1468 1913 1

352 1953 391 1997 eo
417 1931 470 2019 qui
504 1931 543 1996 sit
573 1928 838 2020 [superlcoelestis
868 1928 967 2011 locuS,
997 1929 1057 1995 hoc
1088 1944 1135 1996 est
1167 1931 1200 1996 in
1235 1927 1416 2009 medietate;

352 2145 433 2209 ἐκδὲ
445 2154 497 2209 τοῦ
509 2143 602 2232 φόβαι
616 2146 670 2228 τὴν
684 2144 793 2228 λοιπὴν
807 2154 908 2208 πᾶσαν
922 2143 1056 2227 ψυχικὴν
1070 2140 1242 2222 ὑπόστασιν,
1260 2143 1300 2221 ώς
1314 2143 1417 2233 ψυχὰς

351 2251 470 2336 ἀλόγων
493 2249 588 2334 ζώων,
611 2253 663 2313 καὶ
685 2248 809 2334 θηρίων,
828 2252 882 2314 καὶ
903 2247 1081 2334 ἀνθρώπων.
1129 2250 1187 2314 Διά
1204 2259 1291 2314 τοῦτο
1309 2247 1416 2314 ἀτονώ-

351 2377 436 2440 τερον
451 2358 539 2420 αὐτον
555 2355 726 2440 ὑπάρχοντα
741 2359 814 2440 πρὸς
824 2359 859 2418 τὸ
873 2354 1028 2439 γινώσκειν
1039 2358 1104 2420 τινὰ
1119 2358 1314 2440 πνευματικὰ,
1327 2355 1417 2418 αὑτὸν

351 2463 536 2548 νενομικέναι
558 2459 648 2548 μένον
671 2463 743 2527 εἶναι
759 2463 842 2543 θεὸν,
858 2465 910 2526 καὶ
924 2464 973 2526 διὰ
988 2471 1046 2526 τών
1067 2473 1226 2547 προρητῶν
1248 2461 1414 2548 εἰρηκέναι·

358 2596 373 2632 «
385 2570 446 2655 ἐγώ
461 2568 547 2652 Θεὸς,
566 2569 644 2653 πλὴν
663 2569 737 2652 ἐμοῦ
755 2568 849 2646 οὐδείς
861 2595 892 2634 ι).
940 2569 999 2634 Ἐκ
1021 2570 1055 2634 δὲ
1077 2579 1129 2652 της
1151 2568 1249 2653 λύπης
1270 2571 1308 2633 τὰ
1330 2590 1415 2633 releu-

350 2680 464 2763 ματικὰ
485 2687 537 2761 της
560 2675 700 2762 πονηρίας
721 2675 894 2740 διδάσκουσι
912 2674 1083 2760 γεγονέναι·
1107 2675 1183 2740 ὅθεν
1204 2680 1254 2740 τὸν
1278 2675 1415 2762 διέβαλον

350 2791 406 2870 την
427 2784 543 2870 γένεσιν
565 2783 739 2869 ἐσχηκέναι,
764 2786 797 2848 ὃν
815 2786 868 2847 καὶ
887 2782 1130 2869 Κοσμοκρέιτορα
1151 2784 1289 2866 καλοῦσι,
1308 2788 1361 2847 καὶ
1378 2787 1416 2849 τὰ

351 2889 497 2976 δαιμόνια,
520 2894 572 2955 καὶ
593 2894 662 2968 τοὺς
684 2888 842 2975 ἀγγέλους,
866 2893 919 2954 καὶ
936 2901 1038 2954 πᾶσαν
1059 2893 1112 2975 την
1135 2894 1339 2975 πνευματικὴν
1363 2901 1416 2974 τῆς

350 2998 492 3084 πονηρίας
513 2994 686 3062 ὑπόστασιν.
735 2995 836 3061 Ἀλλὰ
857 3001 909 3061 τὸν
931 2999 987 3081 μὲν
1006 2998 1193 3083 Δημιουργὸν
1210 2997 1272 3062 υἱὸν
1286 2997 1416 3084 ψυχικὸν

349 3115 403 3190 τῆς
425 3108 535 3189 μητρὸς
556 3105 655 3168 αὐτῶν
675 3101 807 3187 λέγουσι,
831 3106 881 3166 τὸν
904 3103 937 3166 δὲ
961 3102 1204 3187 Κοσμοκρέιτορα
1228 3103 1341 3186 κτίσμα
1362 3115 1415 3168 τοῦ

351 3211 553 3295 Δηρισυργοῦ·
566 3211 619 3272 καὶ
632 3212 683 3272 τὸν
694 3211 750 3293 μὲν
761 3207 1002 3294 Κοσμοκρέτορα
1013 3210 1169 3294 γινώσκειν
1180 3213 1217 3276 τὰ
1229 3212 1303 3296 ὑπερ
1315 3213 1413 3293 αὐτὸν,

350 3320 394 3382 ὅτι
417 3315 533 3401 πνεῦμά
549 3316 611 3379 ἐστι
626 3325 679 3400 τῆς
693 3315 852 3402 πονηρίας·
877 3319 927 3379 τὸν
949 3317 983 3380 δὲ
1007 3315 1193 3402 Δημιοοργὸν
1217 3320 1344 3402 ἀγνοειν,
1361 3318 1415 3381 ἀπε

349 3423 479 3509 ψυχικὸν
494 3421 676 3508 ὑπάρχοντα.
724 3421 825 3486 Οἰκεῖν
841 3421 874 3486 δὲ
890 3424 943 3507 την
960 3421 1074 3510 μητέρα
1089 3426 1186 3489 αὐτῶν
1204 3425 1246 3502 εἰς
1263 3429 1314 3488 τὸν
1328 3425 1415 3508 ὑπερ-

387 3597 428 3664 (ι)
439 3595 586 3666 Supplehic
597 3595 854 3666 exgraeciszutuni-
904 3601 906 3608 ’
945 3597 984 3664 (η)
995 3595 1058 3667 pr.
1069 3595 1167 3660 Vl‚12.
1197 3581 1422 3650 Cosmocrator='

350 3695 448 3732 mas...
484 3676 538 3732 etr.
557 3677 622 3732 Exc.
647 3677 736 3731 llaeod.
757 3677 800 3744 48.
908 3680 1028 3751 princeps
1052 3680 1129 3734 huius
1152 3680 1254 3743 mundi,
1272 3680 1323 3742 vel,
1342 3680 1414 3733 iuxta

385 3763 428 3832 (2)
441 3759 511 3816 Male
523 3762 588 3832 legit
597 3765 729 3828 ἀνώτερον
735 3779 854 3830 προγιγν.
907 3763 992 3817 Paua.
1008 3765 1025 3816 1.
1038 3781 1070 3830 c.,
1083 3777 1238 3818 «corrector
1247 3764 1414 3818 tenebrarum

348 3865 396 3919 pro
409 3851 573 3915 ἀτονώτερον
585 3851 732 3915 γινώσκειν,
745 3849 763 3901 i.
776 3865 800 3901 e.
813 3851 853 3916 (ut
911 3849 1064 3914 «harum»,
1078 3865 1177 3902 nomen
1196 3861 1235 3903 est
1254 3850 1282 3902 in
1299 3847 1414 3901 Cabbala

348 3932 435 3986 Tam.
450 3932 541 4000 habet)
557 3932 711 3985 «invalidus
726 3932 853 4003 spiritalia
907 3943 1041 3997 usitatum,
1054 3932 1087 3985 ad
1100 3932 1170 4003 quod
1183 3932 1299 3985 alludere
1312 3931 1416 3984 videtur

352 4017 535 4070 «accedere».
563 4015 617 4070 Cfr.
626 4033 689 4070 mox
699 4016 809 4070 dicenda
820 4017 853 4070 de
907 4015 985 4069 loau.
994 4017 1053 4082 XII,
1066 4031 1106 4085 ιι.
1137 4013 1414 4080 Deeocfr.llu>r³.V1,

347 4101 558 4156 Cosmoeratore.
909 4115 953 4169 333
973 4101 1094 4154 Ηειιιισι.
1113 4116 1155 4166 20,
1170 4115 1202 4168 ης
1220 4113 1246 4154 ει
1268 4115 1299 4171 37
1318 4099 1360 4152 ubi
1381 4113 1415 4168 70

383 4187 424 4254 (3)
444 4185 518 4240 Deru.
534 4183 580 4252 IV,
602 4201 647 4256 35;
666 4185 700 4240 ls.
718 4185 801 4252 XLV,
825 4199 848 4252 5.
904 4188 982 4252 λόγοι
999 4185 1126 4256 spiritalia
1149 4183 1414 4238 malitiaedicuntur.
