3274 5100
354 465 418 532 324
643 469 770 514 IRENAEI
794 469 954 515 ADVERSUS
976 469 1132 516 HAERESES
1307 465 1352 535 [V,
1369 479 1423 530 2-4

350 664 439 744 tiam,
468 665 576 730 «intra
600 663 777 732 Pleroma»
802 681 833 730 et
862 691 877 726 a
889 681 974 732 extra
998 664 1144 730 Pleroma
1159 690 1188 744 a,
1203 663 1321 744 dicunt,
1342 665 1423 730 sicut

351 768 478 859 quidam
502 793 539 836 ex
562 771 637 857 ipsis
659 769 778 850 dicunt,
793 771 943 857 quoniam
967 771 1021 858 qui
1040 771 1071 836 in
1091 771 1250 858 agnitione
1269 786 1326 850 est,
1342 769 1424 838 intra

350 875 381 943 id
394 891 451 956 est,
462 875 547 963 quod
559 877 760 964 agnoscit;(¹)
774 878 878 965 ipsum
894 876 1090 943 Salvatorem
1106 875 1217 966 (quem
1235 903 1251 939 «
1268 875 1420 944 Omnia»

352 1004 420 1047 esse
442 982 567 1072 dieunt)
583 984 616 1048 in
639 983 813 1072 ignorantia
838 982 933 1049 fuisse
956 984 1133 1049 consentire
1149 1005 1205 1050 eos
1220 1005 1348 1049 necesse
1364 1000 1422 1052 est.

353 1090 470 1155 Dicunt
500 1091 587 1156 enim
614 1114 699 1173 eum,
722 1113 821 1179 quum
846 1089 929 1157 foras
951 1108 1037 1156 extra
1060 1088 1207 1158 Pleroma
1217 1092 1251 1144 (²)
1274 1091 1431 1170 venisset,

354 1193 507 1262 formasse
538 1195 673 1263 Matrem
705 1198 857 1286 ipsorum.
913 1198 946 1265 Si
974 1198 1068 1286 igitur
1093 1197 1123 1265 id
1146 1197 1230 1286 quod
1255 1215 1303 1265 est
1325 1214 1422 1276 extra,

353 1283 562 1388 ignorantiam
591 1299 698 1370 dicunt
728 1305 960 1384 universorum,
984 1304 1057 1369 exiit
1088 1319 1194 1369 autem
1218 1302 1360 1370 Salvator
1384 1301 1422 1369 ad

353 1406 576 1475 formationem
592 1408 704 1476 Matris
721 1411 873 1497 ipsorum,
888 1425 973 1476 extra
990 1410 1183 1498 agnitionem
1199 1411 1424 1476 universorum

354 1513 453 1582 factus
476 1531 533 1597 est,
549 1515 609 1582 hoc
626 1533 672 1583 est
691 1517 724 1582 in
740 1517 924 1604 ignorantia.
965 1515 1142 1598 Quomodo
1162 1517 1255 1604 igitur
1275 1515 1318 1582 illi
1335 1518 1424 1604 agni-

352 1623 473 1688 tionem
501 1639 655 1710 praestare
687 1639 817 1711 poterat,
840 1646 939 1711 quum
970 1639 1000 1689 et
1031 1624 1097 1710 ipse
1120 1639 1205 1689 extra
1228 1623 1421 1712 agnitionem
1520 1695 1522 1698 ,

353 1729 458 1794 esset?
503 1729 542 1794 Et
565 1750 623 1795 nos
646 1731 743 1810 enim,
766 1746 852 1796 extra
875 1730 1067 1818 agnitionem
1092 1751 1191 1817 quum
1211 1731 1316 1796 simus
1339 1730 1426 1818 ipso·

354 1857 436 1916 rum,
459 1851 545 1902 extra
568 1836 714 1904 Pleroma
737 1859 806 1903 esse
823 1835 941 1902 dicunt.
988 1836 1027 1902 Et
1045 1837 1176 1902 iterum:
1201 1837 1226 1902 si
1245 1837 1340 1926 igitur
1356 1835 1424 1902 Sal-

353 1957 442 2008 vator
455 1943 550 2008 exivit
561 1958 647 2008 extra
660 1942 805 2009 Pleroma
817 1941 855 2008 ad
872 1944 1148 2030 investigationem
1160 1941 1296 2031 perditae
1309 1943 1425 2021 oviS,(³)

354 2048 498 2116 Pleroma
515 2065 620 2115 autem
637 2065 684 2116 est
699 2050 829 2136 agnitio,
839 2065 924 2116 extra
940 2049 1136 2137 agnitionem
1153 2047 1252 2115 factus
1268 2066 1326 2129 est,
1337 2049 1424 2136 quod

353 2171 411 2238 est,
434 2157 467 2221 in
489 2156 675 2243 ignorantia.
721 2158 786 2224 Aut
809 2158 895 2222 enim
918 2155 1067 2237 localiter,
1084 2155 1168 2244 quod
1185 2171 1232 2222 est
1250 2172 1336 2222 extra
1352 2155 1426 2220 Ple·

354 2285 444 2328 roma
468 2263 645 2329 consentire
666 2285 723 2329 eos
746 2285 873 2329 necesse
896 2279 960 2342 est;
985 2279 1015 2328 et
1039 2263 1146 2329 omnia
1169 2286 1247 2350 quae
1267 2260 1423 2350 praedicta

353 2385 425 2434 sunt
449 2370 604 2435 contraria
627 2385 792 2436 occurrent
815 2371 879 2435 eis:
904 2369 955 2435 vel
978 2371 1004 2435 si
1029 2368 1202 2436 secundum
1227 2371 1423 2458 agnitionem

293 2517 295 2520 -
353 2475 460 2542 dicunt
483 2474 566 2564 quod
590 2492 637 2542 est
661 2477 755 2556 intus,
779 2493 809 2542 et
832 2477 1042 2564 ignorantiam
1065 2476 1149 2564 quod
1173 2492 1220 2542 est
1243 2493 1339 2555 extra,
1355 2476 1425 2542 Sal-

354 2599 444 2648 vator
472 2582 610 2663 illorum,
635 2599 665 2647 et
696 2583 797 2648 multo
821 2599 892 2648 ante
916 2582 1072 2662 ChristuS,
1096 2583 1128 2648 in
1151 2584 1326 2670 ignorantia
1350 2582 1424 2650 facti

354 2705 455 2770 erunt,
479 2706 563 2754 extra
588 2689 734 2755 Pleroma
758 2690 874 2776 egressi
899 2688 936 2756 ad
961 2689 1186 2755 formationem
1211 2691 1319 2756 matris
1337 2691 1425 2777 ipso-

354 2818 437 2876 rum,
460 2794 544 2885 quod
568 2813 615 2862 est
638 2813 723 2861 extra
746 2797 950 2884 agnitionem.
1212 2807 1216 2814 '

423 2924 452 2989 3.
477 2904 561 2970 Haec
584 2919 689 2969 autern
714 2902 862 2969 adversus
886 2926 998 2969 omnes
1020 2904 1074 2991 qui
1097 2902 1236 2992 quolibet
1256 2902 1352 2970 modo
1373 2903 1425 2970 vel

354 3010 392 3075 ab
416 3009 545 3098 angelis,
560 3009 610 3076 vel
633 3008 671 3075 ab
696 3009 757 3077 alio
779 3009 917 3098 quodam
941 3026 1061 3098 praeter
1080 3031 1191 3076 verum
1209 3010 1313 3076 Deum
1331 3033 1426 3075 mun-

354 3116 431 3183 dum
462 3116 579 3182 factum
611 3140 679 3182 esse
707 3115 824 3198 dicunt,
849 3117 994 3183 similiter
1023 3115 1258 3205 adaptabuntur.
1313 3116 1424 3197 Quam

355 3223 440 3288 enim
467 3224 697 3288 incusationem
726 3221 842 3290 faciunt
873 3222 911 3290 de
935 3223 1123 3311 Demiurgo,
1147 3241 1177 3289 et
1200 3221 1239 3290 de
1261 3223 1321 3304 his,
1344 3246 1425 3312 quae

355 3328 433 3396 facta
457 3346 530 3395 sunt
554 3330 725 3396 materialia
747 3346 778 3396 et
801 3329 995 3419 temporalia,
1007 3330 1040 3384 (⁴)
1062 3345 1199 3397 recurret
1222 3331 1255 3396 in
1281 3331 1424 3397 Patrem:

355 3435 508 3523 siquidem
537 3434 808 3524 quemadmodum
837 3437 870 3502 in
893 3454 1002 3503 ventre
1026 3437 1213 3503 Pleromatis
1238 3435 1315 3503 facta
1340 3453 1425 3518 sunt,

354 3566 432 3632 quae
455 3543 626 3630 inciperent
650 3566 726 3608 mox
749 3541 879 3610 demum
897 3541 1038 3622 dissolvi,
1055 3541 1229 3609 secundum
1245 3544 1427 3610 concessio-

353 3671 428 3714 nem
452 3665 482 3714 et
506 3647 543 3715 ad
567 3649 716 3737 placitum
735 3649 859 3715 Patris?
904 3649 971 3716 Iam
993 3650 1088 3737 igitur
1107 3672 1172 3715 non
1191 3665 1238 3715 est
1257 3646 1427 3715 fabricator

390 3863 431 3930 (1)
447 3861 501 3915 Csr.
512 3861 556 3915 IV.
567 3877 590 3915 2.
626 3862 864 3934 Haeehypothesis
953 3867 996 3933 (2)
1016 3864 1070 3918 Cir.
1089 3865 1110 3930 1,
1129 3879 1167 3928 w,
1189 3877 1211 3930 5.

353 3947 475 4018 congruit
504 3950 617 4000 omnino
644 3964 704 4000 cum
732 3949 863 4000 sententia
955 3952 994 4017 (3)
1015 3949 1057 4002 Ad
1076 3949 1214 4003 hominem
1234 3965 1266 4002 ea
1285 3947 1305 4012 1,
1325 3963 1425 4015 V111‚4;

352 4030 598 4101 neoplatonicorum
619 4048 699 4102 quam
721 4029 815 4084 relellit
837 4043 863 4085 et
917 4049 976 4098 xvi,
999 4051 1024 4098 1;
1044 4049 1124 4099 xxm,
1145 4049 1159 4086 2
1178 4045 1228 4087 etc.

353 4116 503 4180 PrormuS,
524 4116 539 4167 l.
560 4132 581 4168 c.
602 4129 693 4167 10-11.
731 4115 784 4168 Clr.
798 4134 863 4186 quo·
953 4119 994 4187 (4)
1013 4117 1066 4172 Clr.
1087 4135 1173 4189 supra,
1196 4135 1220 4188 p.
1244 4131 1301 4187 323,
1321 4129 1375 4171 not.
1397 4132 1425 4172 a.

354 4216 404 4270 que
424 4200 546 4252 Heaacr.
559 4199 632 4270 frag.
652 4214 693 4270 19·
