3288 5060
326 425 389 490 206
614 442 743 524 ranna-st
767 443 927 489 aovensus
950 443 1105 490 naereses
1249 441 1320 512 μιν,
1338 456 1389 508 4-5

323 654 356 705 tu
380 640 456 726 ipse.
503 638 557 704 Tu
577 655 681 704 autem
706 638 793 704 solus
817 639 850 704 in
873 637 994 704 idolum
1017 638 1190 726 deposuisti
1214 661 1294 718 eam,
1313 661 1394 728 quae

323 769 341 812 a
364 761 395 812 te
413 744 605 832 praedicatur
625 745 759 812 Veritas.

393 874 420 937 5.
437 851 541 942 [WH.
566 851 658 932 VIII,
677 849 742 942 16].
786 851 869 933 Quis
886 867 990 918 autem
1007 851 1172 918 sustinebit
1191 869 1278 920 tuam
1294 853 1393 934 illam,

323 981 402 1046 quae
430 975 552 1026 tantum
583 958 791 1026 verbosata<¹>
812 975 860 1025 est
890 959 995 1048 Sigen,
1023 981 1102 1047 quae
1133 958 1394 1026 innominabilem

324 1065 468 1132 nominat
485 1067 668 1150 (Aeonem),
692 1063 932 1131 inenarrabilem
957 1066 1094 1152 exponit,
1118 1081 1148 1131 et
1171 1087 1243 1131 eum
1268 1067 1321 1154 qui
1345 1066 1395 1131 in-

325 1172 515 1260 vestigabilis
538 1189 585 1238 est
608 1173 757 1253 enuntiat,
784 1187 814 1238 et
844 1173 1002 1259 aperuisse
1025 1194 1061 1238 os
1084 1170 1158 1238 dicit
1188 1195 1272 1254 eum,
1296 1196 1392 1262 quern

325 1279 555 1366 incorporalem
585 1295 615 1346 et
645 1278 848 1366 infiguratum
879 1275 968 1358 dicis,
997 1292 1028 1342 et
1062 1279 1205 1348 emisisse
1239 1277 1393 1359 Verbum,

323 1385 412 1473 quasi
432 1407 531 1450 unum
550 1408 588 1451 ex
607 1384 655 1450 his
674 1407 753 1473 quae
771 1385 946 1472 composita
969 1400 1042 1450 sunt
1065 1384 1228 1451 animalia:
1249 1383 1392 1451 Verbum

324 1513 449 1578 quoque
465 1491 531 1556 eius
548 1490 650 1557 simile
672 1494 770 1575 (esse)
789 1491 816 1556 ei
836 1491 890 1577 qui
909 1513 984 1556 eum
999 1491 1115 1571 emisit,
1135 1507 1165 1556 et
1190 1489 1325 1556 formam
1346 1491 1396 1556 in-

324 1596 455 1664 visibilis
487 1597 615 1680 factum,
639 1599 868 1664 elementorum
892 1595 1020 1686 quidem
1047 1621 1116 1663 esse
1139 1599 1275 1686 triginta,
1299 1598 1395 1684 sylla-

324 1703 434 1771 barum
454 1720 559 1771 autem
577 1703 735 1792 quatuor?
781 1704 847 1770 Erit
865 1726 942 1792 ergo
961 1707 1134 1771 secundum
1154 1703 1393 1772 similitudinem

323 1809 419 1876 Verbi
450 1811 540 1876 Pater
564 1812 720 1892 omnium,
747 1811 827 1876 sicut
858 1827 891 1876 tu
923 1810 978 1890 ais,
1002 1810 1233 1876 elementorum
1265 1809 1395 1897 quidem

323 1915 460 2002 triginta,
484 1914 675 2002 syllabarum
699 1931 803 1981 autem
831 1932 975 2002 quatuor.
1023 1917 1087 1982 Aut
1110 1917 1224 1982 iterum
1247 1916 1318 2004 quis
1342 1939 1397 1981 su·

323 2022 449 2091 stinebit
472 2039 503 2089 te
526 2025 558 2089 in
583 2023 741 2090 schemata
764 2042 795 2090 et
818 2045 979 2105 numeros,
999 2021 1165 2112 aliquando
1188 2021 1315 2111 quidem
1340 2024 1396 2088 tri-

322 2130 419 2217 ginta,
435 2128 599 2218 aliquando
623 2147 728 2196 autem
752 2129 865 2217 viginti
888 2145 1033 2217 quatuor,
1057 2127 1223 2216 aliquando
1247 2152 1302 2194 sex
1326 2144 1396 2194 tan-

323 2251 403 2317 tum,
417 2235 658 2303 concludentem
675 2237 896 2302 universorum
911 2235 1119 2316 conditorem,
1135 2252 1166 2302 et
1177 2235 1394 2323 demiurgum,

324 2357 354 2407 et
379 2340 529 2408 factorem
554 2340 695 2408 Verbum
725 2341 795 2424 Dei,
823 2357 853 2407 et
877 2343 1073 2408 minuentem
1101 2365 1175 2408 eum
1204 2344 1236 2408 in
1260 2341 1394 2428 syllabas

323 2477 376 2540 καί
391 2483 520 2541 σαυτοῦ·
536 2479 575 2539 ob
589 2479 648 2562 γὰρ
664 2472 753 2560 μόνον
769 2475 892 2540 εἴδωλον
907 2475 1081 2560 κατίγγαγες
1096 2481 1149 2561 τὴν
1164 2477 1222 2540 ὑπό
1236 2483 1294 2539 σοῦ
1308 2475 1395 2560 λεγο-

325 2580 416 2668 μένην
435 2580 615 2666 Ἀλήθειαν.

395 2707 423 2774 5.
448 2689 502 2766 Τίς
524 2687 552 2752 δ’
564 2687 698 2766 ἀνέξεταί
721 2708 777 2753 σου
801 2691 854 2772 τὴν
876 2697 1009 2752 τοσαῦτα
1031 2688 1224 2774 φλυαροῠσαν
1246 2687 1352 2774 Σιγὴν,
1375 2692 1395 2774 ἣ

323 2799 374 2858 τόν
396 2795 605 2879 ἀνωνόμαστον
627 2796 778 2880 όνομίιζει,
802 2798 855 2859 καί
876 2798 928 2859 τόν
949 2795 1078 2881 ἄρρητον
1096 2794 1255 2881 ἐξηγεῖται,
1274 2798 1327 2859 καί
1345 2799 1397 2859 τόν

324 2899 545 2986 ἀνεξιχνίαστον
571 2901 730 2987 ἐξιστσρεῖ·
760 2905 814 2967 καί
837 2901 989 2987 ἠνοιχέναι
1012 2905 1046 2966 τό
1069 2901 1167 2986 στόμα
1190 2905 1279 2986 φησίν
1306 2903 1397 2966 αὐτόν

323 3009 358 3072 όν
380 3004 541 3092 ἀσώματον
563 3009 615 3070 καί
637 3006 770 3071 ἀνείδεον
792 3006 909 3092 λέγεις·
940 3010 993 3070 καί
1016 3006 1260 3093 προενέγκασθαι
1284 3006 1395 3091 Λόγον,

324 3112 366 3190 ὡς
383 3115 415 3177 έν
432 3133 459 3177 τι
477 3122 536 3177 τῶν
553 3112 707 3177 συνθέτων
726 3111 830 3192 ζώων·
851 3113 901 3176 τόν
919 3133 952 3177 τε
972 3109 1073 3197 Λόγον
1092 3115 1184 3176 αὐτοῦ
1203 3115 1305 3197 όμοιον
1324 3114 1396 3176 όντα

324 3227 366 3301 τῷ
389 3218 576 3304 προβαλόντι,
599 3221 652 3282 καί
681 3223 798 3304 μορφὴν
820 3229 872 3283 τοῦ
895 3219 1027 3304 ἀορῖιτου
1056 3220 1214 3304 γεγονότα,
1238 3221 1396 3304 στοιχείων

326 3327 380 3411 μὲν
395 3327 469 3389 είναι
483 3325 653 3411 τριίικοντα,
669 3325 827 3412 συλλαβῶν
846 3325 879 3390 δὲ
898 3326 1066 3412 τεσσέρων,
1108 3325 1219 3390 Ἔσται
1242 3329 1294 3390 οὖν
1316 3329 1396 3390 κατὰ

325 3433 378 3514 τὴν
401 3427 562 3516 όμοιότιγτα
583 3441 635 3496 τοῦ
663 3431 765 3515 Λόγου
788 3433 804 3496 ό
828 3431 934 3518 Πατὴρ
964 3441 1022 3497 τῶν
1052 3433 1180 3514 πάντων,
1204 3431 1244 3508 ὡς
1267 3435 1305 3496 ob
1327 3435 1394 3517 φῂς,

326 3537 482 3622 στοιχείων
496 3539 551 3623 μὲν
566 3537 735 3622 τριίικσντα,
752 3538 909 3625 συλλαβῶν
924 3539 957 3602 δὲ
970 3539 1134 3624 τεσσέρων.
1181 3538 1225 3604 Ἢ
1245 3537 1335 3602 πάλιν
1352 3537 1396 3614 τίς

324 3643 458 3722 ἀνέξεταί
480 3667 535 3708 σου
557 3646 599 3721 εἰς
622 3645 767 3729 σχήματα
789 3647 841 3709 καί
864 3646 1020 3730 ἀριθμοὺς,
1045 3648 1119 3710 ποτὲ
1147 3647 1201 3730 μὲν
1224 3643 1394 3728 τριάκοντα,

323 3755 396 3816 ποτὲ
415 3752 448 3816 δὲ
467 3751 705 3838 εἰκοσιτέσσαρα,
725 3755 799 3817 ποτὲ
818 3755 851 3816 δὲ
871 3751 903 3830 ἓξ
921 3753 1022 3838 μόνον,
1040 3751 1252 3837 συγκλείοντος
1270 3754 1322 3817 τόν
1336 3759 1395 3814 τῶν

322 3861 439 3925 πίιντων
457 3860 590 3946 κτίστην,
610 3863 663 3926 καί
681 3862 871 3946 δημιουργόν,
891 3865 942 3924 καί
960 3865 1087 3947 ποιητὴν
1107 3859 1208 3946 Λόγον
1225 3869 1279 3925 τοῦ
1298 3858 1393 3924 Θεοῦ·

327 4010 396 4064 «des
406 4031 419 4061 ν
436 4011 509 4064 deest
525 4011 552 4064 in
571 4027 634 4064 mss.
650 4011 731 4075 Clau,
746 4011 833 4076 Voss„
924 4014 966 4083 (1)
982 4013 1035 4066 cfr.
1050 4029 1086 4066 ns.
1101 4013 1175 4065 Aue.
1187 4011 1267 4064 δοται.
1281 4009 1311 4061 de
1323 4015 1395 4079 temp.

325 4094 706 4167 Merc.,ideoexpunctumest.
737 4097 834 4150 Silibet
891 4096 950 4165 265:
982 4099 1034 4150 «in
1058 4096 1168 4150 ecclesia
1187 4107 1297 4158 stantes,
1313 4093 1396 4146 nolite

326 4179 433 4232 restitue
441 4179 595 4232 interoutcm
604 4180 671 4233 etltis
679 4183 722 4250 qui
729 4181 832 4252 reliquo.
892 4201 906 4230 u
917 4180 1049 4234 verbosari
1061 4201 1086 4232 ν.
