3288 5060
223 507 443 576 (xil-x111,1).]
648 506 738 553 maun
763 507 877 553 antuus
1229 505 1293 570 229

221 701 275 790 qui
294 699 333 766 ab
348 700 396 767 his
411 699 597 768 adinventus
620 716 667 766 est
690 697 822 787 Bythos,
847 698 901 766 sed
916 696 955 765 de
972 699 1148 789 Demiurgo
1165 699 1212 790 (et
1226 701 1292 790 ipse

222 823 269 874 est
292 807 457 874 invisibilis
479 806 597 897 Deus),
620 804 796 873 ostenditur
818 803 1005 894 procedente
1032 807 1207 898 sermone).
1253 807 1292 874 Et

222 913 388 980 Danielem
412 931 517 981 autem
541 912 602 980 hoc
632 912 717 980 idem
746 911 932 1002 significare,
957 916 990 979 in
1021 937 1061 981 eo
1087 913 1171 1001 quod
1196 915 1292 981 inter-

223 1037 313 1108 rogat
323 1019 471 1109 angelum
483 1019 696 1087 absolutiones
707 1020 741 1074 (¹)
763 1017 992 1108 parabolarum,
1005 1022 1093 1109 quasi
1112 1044 1178 1088 non
1191 1022 1292 1088 scien-

220 1144 297 1193 tem.
345 1126 404 1194 Sed
428 1143 459 1193 et
481 1125 628 1215 angelum
652 1125 896 1193 abscondentem
920 1125 959 1192 ab
977 1149 1016 1193 eo
1041 1149 1194 1214 magnum
1218 1151 1292 1214 my·

220 1234 351 1300 sterium
361 1231 466 1320 Bythi‚
478 1230 582 1300 dicere
594 1234 637 1300 ei:
653 1259 669 1296 ιι
680 1233 818 1301 Recurre
831 1232 957 1299 Daniel:
978 1231 1010 1298 hi
1027 1234 1112 1300 enim
1127 1255 1290 1300 sermones

225 1339 404 1407 «obstructi
428 1355 512 1417 sunt,
534 1339 738 1429 quoadusque
752 1339 962 1408 intellectores
981 1339 1166 1428 intelligant,
1182 1356 1213 1405 et
1229 1338 1290 1406 albi

225 1445 428 1512 «inalbentur
443 1471 476 1513 a:
500 1463 531 1513 et
561 1447 681 1534 seipsos
715 1468 784 1513 esse
819 1443 906 1512 albos
934 1461 964 1512 et
987 1446 1197 1513 intellectores
1220 1446 1290 1536 glo-

219 1568 348 1620 riantur.

288 1748 367 1815 Can.
380 1747 456 1828 XX,
473 1769 500 1814 1.
548 1747 653 1838 [WH.
670 1747 783 1838 Xllll.
830 1749 958 1831 Quintis
973 1769 1014 1814 nx
1032 1749 1220 1816 Scmrroms
1232 1767 1290 1814 ra-

220 1875 380 1922 srmonns
399 1875 566 1922 uruntur.
613 1855 713 1944 Super
729 1853 805 1922 haec
824 1870 929 1921 autem
945 1853 1290 1921 inenarrabilem‘mul-

218 1959 385 2027 titudinem
411 1961 666 2050 apocryphorum
694 1977 725 2028 et
752 1965 919 2050 perperdm
947 1962 1183 2049 scripturarum,
1210 1982 1288 2049 quas

220 2068 279 2156 ipsi
292 2065 492 2149 finxerunt,(²l
509 2066 643 2134 afferunt
656 2066 694 2134 ad
706 2082 868 2157 stuporem
888 2068 1132 2148 insensatorum,
1151 2083 1192 2150 et,
1208 2090 1288 2156 quae

219 2261 379 2349 νοουμένου
401 2262 519 2347 Βυθοῦ,
541 2262 623 2328 ἀλλὰ
645 2265 713 2350 περὶ
734 2273 787 2329 τοῦ
803 2263 993 2350 Δημιουργοῦ
1012 2262 1081 2353 (καὶ
1098 2263 1188 2340 αὐτός
1206 2263 1288 2328 ἐστιν

218 2371 236 2434 ό
255 2370 381 2456 ἀόρατος
398 2367 503 2460 Θιὸς),
522 2370 719 2456 δειχθήσεται
737 2379 789 2435 τοῦ
811 2370 906 2457 λόγου
924 2368 1103 2459 προϊόντος).
1151 2368 1215 2434 Καὶ
1236 2373 1287 2435 τόν

219 2477 334 2562 Δανιὴλ
348 2478 381 2541 δὲ
396 2481 431 2542 τὸ
445 2480 519 2542 αὐτὸ
534 2485 621 2543 τοῦτο
636 2477 799 2563 σημαίνειν,
816 2477 905 2562 ἐντῷ
921 2477 1075 2563 ἐπερωτᾶν
1089 2479 1140 2541 τόν
1155 2476 1286 2562 ἄγγελον

217 2589 271 2662 τὰς
293 2584 443 2662 ὲτσιλόσεις
464 2594 524 2651 τῶν
545 2583 735 2672 παραβολῶν,
759 2585 799 2662 ὡς
823 2587 864 2670 μὴ
888 2581 998 2650 εἰδότα.
1045 2583 1148 2650 Ἀλλὰ
1164 2586 1218 2649 καὶ
1235 2588 1286 2650 τόν

217 2692 351 2778 ἄγγελον
379 2692 646 2778 ἀπονρυιττὸμινον
677 2691 731 2756 ἀπ’
749 2695 842 2757 αὐτοῦ
871 2695 905 2757 τό
934 2695 1015 2778 plau
1046 2692 1207 2778 μυστήριον
1232 2701 1286 2757 τοῦ

217 2798 336 2884 Bonan,
358 2801 451 2864 εἰπεῖν
474 2802 572 2884 αὐτῷ·
598 2798 803 2886 «Ἀπότρτχτ
826 2799 957 2884 Δανιὴλ·
978 2801 1136 2885 αὗταιγὰρ
1155 2799 1286 2884 ottoque

223 2931 239 2966 «
251 2905 493 2991 ὲριττεφραγμὲνοι
514 2905 598 2990 εἰσὶν,
621 2907 678 2983 ἕως
700 2905 728 2970 οἱ
749 2905 897 2982 συνιέντες
912 2915 1042 2988 συνιῶσι,
1061 2907 1115 2970 καὶ
1131 2904 1160 2968 οἱ
1181 2905 1287 2970 λευκοὶ

220 3013 492 3077 σλευκανόῶσιν·
515 3015 568 3077 καὶ
591 3013 698 3090 αὑτοὺς
721 3013 793 3076 εἶναι
816 3018 884 3088 τοὶνς
907 3013 1033 3088 λευκοὺς
1059 3014 1111 3076 καὶ
1134 3009 1285 3088 συνιέντας

217 3121 373 3204 αὐχοῦσιν.

284 3311 358 3393 ΧΧ,
379 3333 406 3379 1.
453 3313 535 3398 Πρός
549 3313 583 3378 δὲ
598 3312 712 3390 τούτοις
729 3313 886 3399 ἀμύθητον
902 3313 1021 3398 πλῆθος
1036 3313 1217 3398 ἀποκρόφων
1231 3316 1285 3377 καλ

216 3419 316 3484 νόθων
332 3425 464 3505 γραφῶν,
483 3421 520 3497 ἃς
537 3422 622 3485 αὐτοὶ
638 3420 786 3502 ἔπλασαν,
805 3417 1025 3505 παραφέρουσιν
1041 3421 1083 3497 εἰς
1097 3417 1284 3504 κατάπληξιν

252 3647 294 3714 (1)
313 3646 332 3699 Ι.
351 3664 374 3701 e.
394 3647 655 3718 interpretationem
673 3646 721 3702 cfr.
776 3646 849 3699 hebr.
887 3663 951 3700 vero
987 3630 1102 3736 ffibpp
1139 3657 1283 3738 τηρῇ,

216 3727 288 3782 Dara.
298 3728 355 3794 ΧΠ,
364 3745 390 3800 9,
404 3745 444 3794 103
456 3731 500 3802 qui
510 3747 602 3784 versus
614 3730 723 3785 diversi·

215 3813 294 3866 mode
305 3813 408 3885 legitur.
441 3815 518 3886 Apud
529 3815 567 3868 ln.
578 3813 624 3879 IV,
635 3813 681 3880 26;
689 3814 722 3880 V,

219 3895 538 3966 14[Ct'nn.I,Cont.1ud.
552 3899 587 3968 5]:
602 3898 721 3963 «Quoad

218 3980 376 4035 «addiscant
386 3982 722 4054 multietimpleaturagni-
791 4041 796 4053 ¹

219 4065 305 4117 «tio».
334 4065 719 4138 ApudLXX,etVulg.autem:
775 4053 849 4095 mur·

218 4167 324 4220 «usque
352 4150 384 4203 an
414 4149 583 4222 praefinitum
608 4163 721 4224 tempus.
810 4145 853 4212 (2)
877 4142 918 4196 De
940 4143 1142 4213 evangeliorum
1169 4161 1282 4216 apocry-

218 4233 380 4304 «Eligentur
392 4247 419 4290 et
433 4235 625 4289 dealbabuntur
634 4249 720 4301 etc.u;
776 4237 889 4308 phorum
916 4237 1062 4292 litteratura
1088 4237 1136 4292 cfr.
1161 4236 1281 4304 Tnsxntt,

776 3761 847 3832 quod
863 3773 915 3814 est:
935 3760 1164 3832 «purificabuntur
1183 3773 1209 3816 et
1231 3762 1283 3815 albi

779 3853 867 3909 «fient
879 3877 904 3908 a.
942 3855 1033 3908 Lectio
1050 3855 1171 3926 gnostica
1190 3873 1223 3908 ex
1241 3855 1282 3908 his

774 3947 892 4002 conflata
908 3949 1020 4014 videtur,
1033 3950 1079 4002 sed
1098 3948 1191 4002 nullibi
1208 3965 1282 4018 repe·
