3288 5060
361 406 423 490 184
647 425 775 472 raanan
794 425 953 472 anteusus
972 425 1128 473 naereses
1275 421 1358 492 μιν,
1375 438 1424 476 t·2

355 617 501 708 quodque
524 636 630 686 autem
658 619 889 686 elementorum
913 639 984 684 suas
1007 619 1122 699 literas,
1146 635 1176 684 et
1199 641 1292 683 suunt
1317 618 1425 684 chara-

356 742 484 807 cterem,
504 743 534 792 et
558 747 648 792 suam
668 726 926 806 enuntiationem,
946 741 976 791 et
996 723 1208 812 figurationes,
1224 740 1254 790 et
1270 725 1425 812 imagines

357 831 483 900 habere:
508 850 538 900 et
568 833 646 900 nihil
679 855 790 898 eorum
814 855 894 913 esse,
925 832 1010 922 quod
1040 833 1122 898 illius
1145 830 1248 899 videat
1276 830 1424 913 formam,

357 961 457 1027 neque
476 940 579 1027 ipsum
601 962 693 1026 super
712 939 904 1028 elementum
927 938 1031 1006 est.(¹)
1077 937 1137 1004 Sed
1158 961 1215 1004 nec
1232 959 1425 1025 cognoscere

357 1029 449 1127 eum‚'
466 1045 519 1112 sod
544 1069 582 1112 ne
606 1044 731 1134 quidem
764 1045 899 1133 proximi
922 1046 990 1111 eius
1013 1041 1260 1132 unumquodque
1283 1045 1426 1109 enuntia-

356 1153 476 1218 tionem
492 1151 582 1234 scire‚
594 1149 647 1218 sed
663 1148 746 1240 quod
759 1153 823 1239 ipse
837 1152 990 1231 enuntiat;
1003 1152 1045 1217 ita
1061 1173 1158 1217 omne
1173 1149 1258 1237 quod
1274 1151 1423 1231 enuntiat,

356 1257 433 1326 illud
464 1256 548 1346 quod
572 1274 618 1324 est
649 1274 763 1339 totum,
792 1259 945 1324 nominet.
957 1257 991 1312 (²)
1035 1259 1305 1345 Unumquemque
1336 1257 1423 1322 enim

356 1365 508 1453 ipsorum,
528 1387 598 1452 pars
615 1367 767 1431 exsistens
780 1365 886 1446 totius,
903 1387 996 1430 suum
1016 1387 1131 1430 sonum
1147 1365 1235 1448 quasi
1254 1385 1350 1430 omne
1365 1385 1424 1428 no·

357 1472 487 1551 minare,
503 1490 534 1538 et
552 1495 617 1538 non
635 1493 756 1538 cessare
772 1472 925 1551 sonantia,
941 1470 1144 1560 quoadusque
1159 1470 1197 1536 ad
1214 1471 1422 1537 nouissimam

356 1577 478 1644 literam
494 1579 659 1644 novissimi
677 1577 834 1659 elementi,
851 1577 1048 1665 singulariter
1060 1577 1229 1658 enuntiata,
1245 1575 1423 1642 deveniant.

358 1683 452 1750 Tunc
477 1701 579 1751 autent
606 1701 637 1750 et
662 1683 958 1772 redintegrationem
985 1685 1207 1751 universorum
1219 1683 1252 1738 (³)
1277 1683 1352 1750 dicit
1375 1682 1423 1750 f-

357 1807 471 1872 turam,
495 1791 620 1879 quando
647 1792 754 1857 onmia
782 1789 977 1858 devenientia
1001 1792 1033 1856 in
1056 1814 1150 1857 unam
1175 1790 1307 1871 literam,
1327 1813 1423 1856 unam

357 2003 512 2089 στοιχείων
524 2005 586 2068 ἴδια
601 2004 774 2090 γραμματα,
793 2009 845 2068 καὶ
860 2006 935 2068 ἴδιον
953 2013 1142 2090 χαρακτῆρα,
1161 2006 1214 2068 καὶ
1233 2003 1307 2068 ἰδίαν
1326 2003 1424 2088 ἐκφὼ·

357 2131 450 2195 νησιν,
474 2112 526 2174 καὶ
548 2111 703 2194 σχήματα,
722 2112 773 2174 καὶ
791 2107 909 2186 εἰκόνας
927 2113 1019 2196 ἔχειν,
1039 2112 1092 2174 καὶ
1109 2111 1203 2196 μηδὲν
1221 2113 1319 2175 αὐτῶν
1337 2112 1421 2192 εἶναι,

358 2217 451 2300 debu
475 2215 590 2280 ἐκείνου
619 2217 742 2300 καθορᾷ
772 2219 896 2302 μορφὴν,
920 2219 1013 2302 οὗπερ
1042 2218 1115 2280 αὐτὸ
1146 2214 1295 2302 στοιχεῖόν
1325 2217 1421 2280 ἐστιν·

357 2323 438 2388 ἀλλὰ
459 2325 528 2388 οὐδὲ
552 2322 708 2408 γινώσκειν
729 2326 828 2407 αὐτὸν,
853 2324 922 2388 οὐδὲ
946 2327 1004 2409 μὴν
1027 2327 1080 2408 τὴν
1103 2333 1156 2388 τοῦ
1179 2324 1307 2407 πλησίου
1331 2325 1422 2388 αὑτοῦ

357 2433 486 2496 ἕκαστον
501 2431 670 2516 ἐκρώνησιν
685 2431 876 2496 πλεονεκτεῖν
891 2429 989 2494 ἀλλ’ξλ
1006 2433 1094 2506 αὐτὸς
1106 2431 1243 2514 inponet
1256 2431 1296 2508 ὡς
1314 2435 1348 2495 τὸ
1363 2441 1423 2494 πᾶν

357 2539 558 2622 ἐκρωνοῦντα,
573 2544 607 2603 τὸ
622 2540 692 2603 ὅλον
708 2539 850 2626 ἡγεῖσθαι
863 2538 1029 2623 ὀνομάζειν.
1075 2538 1231 2602 Ἕκαστον
1249 2541 1308 2623 γὰρ
1326 2541 1423 2602 αὐτῶν

356 2644 445 2731 μέρος
467 2648 501 2708 ὂν
523 2655 576 2709 τοῦ
598 2646 682 2724 ὅλου,
705 2649 756 2709 τὸν
776 2645 852 2708 ἴδιον
875 2646 952 2728 ἠχον
974 2644 1015 2721 ὡς
1037 2648 1071 2708 τὸ
1094 2655 1155 2708 πᾶν
1181 2645 1347 2730 ὀνομάζειν,
1372 2647 1424 2708 καὶ

356 2753 398 2835 μὴ
413 2751 591 2815 παύσασθαι
607 2753 748 2835 ἠχοῦντα,
768 2749 873 2835 μέχρις
892 2752 962 2814 ὅτου
978 2750 1029 2814 ἐπὶ
1041 2753 1075 2814 τὸ
1091 2751 1222 2836 ἔσχατον
1235 2751 1360 2836 γράμμα
1372 2760 1424 2814 τοῦ

357 2857 488 2942 ἐσχάτου
503 2858 654 2942 στοιχείου
670 2855 965 2942 μονογλωσσήσαντα
980 2857 1175 2941 καταντήσαι.
1222 2856 1300 2921 Τότε
1319 2858 1353 2920 δὲ
1371 2858 1424 2921 καὶ

357 2965 409 3046 τὴν
433 2963 679 3026 ἀποκατάστασιν
701 2972 758 3026 τῶν
780 2963 858 3026 ὅλων
889 2963 947 3046 ἔφη
979 2961 1136 3047 γενέσθαι,
1162 2966 1233 3028 ὅταν
1260 2965 1299 3027 τὰ
1325 2963 1424 3026 πάντα

356 3069 548 3133 κατελθόντα
570 3070 611 3145 εἰς
633 3073 667 3133 τὸ
690 3069 722 3132 ἓν
744 3069 879 3152 γράμμα,
901 3067 969 3152 μίαν
987 3070 1040 3132 καὶ
1060 3072 1116 3152 τὴν
1138 3071 1230 3152 αὐτὴν
1254 3067 1423 3153 ἐκφώνησιν

394 3227 435 3292 (1)
463 3223 565 3278 Graeca
596 3224 660 3295 legit
692 3225 820 3294 interpres
848 3227 863 3276 ὁ

357 3311 423 3374 ὑπὲρ
442 3312 507 3361 αὐτὸ
531 3313 662 3376 στοιχειόν
683 3312 750 3377 doen
779 3321 805 3361 at
830 3323 861 3360 ex

357 3392 435 3462 Hipp.
455 3405 480 3445 et
500 3392 593 3462 Epiph.
609 3393 713 3446 videtur
724 3393 862 3446 restituen-

357 3476 435 3529 dum:
458 3497 471 3526 α
481 3493 530 3530 nec
544 3495 636 3530 eorum
649 3478 790 3548 quidquam
807 3493 864 3530 esse

361 3560 453 3631 «qnod
467 3561 544 3626 illius,
557 3562 631 3614 cuius
640 3563 802 3615 elementum
815 3574 864 3624 est,

360 3665 373 3694 ι(
383 3643 497 3696 sormam
509 3645 666 3715 percipiat».
692 3646 710 3698 Ι.
721 3661 744 3700 e.
756 3645 863 3716 quaevis

356 3729 432 3781 litera
451 3729 541 3800 nequit
560 3731 693 3800 integrum
713 3745 812 3784 nomen
824 3731 863 3783 vi-

356 3813 418 3866 dere
437 3829 482 3866 seu
498 3813 602 3878 efferre;
615 3833 667 3885 quo
681 3815 777 3868 indicat
795 3817 863 3868 Aeo

356 3897 433 3950 nibus
447 3898 557 3968 singulis
573 3899 679 3952 Patrem
693 3917 749 3953 esse
763 3901 864 3954 incom-

358 3982 560 4051 prehensibilem
579 3982 638 4048 (cst.
659 3983 691 4048 11,
714 3988 749 4048 r).

389 4065 862 4139 (leersiovelmutilavelpessima.

356 4149 443 4203 Intell.
459 4167 513 4204 non
527 4152 614 4204 solum
625 4169 679 4204 non
689 4152 863 4222 comprehen-

917 3223 955 3276 dit
970 3234 1056 3276 totum
1075 3240 1184 3288 nomen,
1202 3223 1247 3276 sed
1267 3239 1315 3276 uec
1335 3223 1361 3276 id
1379 3239 1425 3276 ex-

917 3307 1008 3360 sistere
1018 3309 1103 3373 novit,
1115 3324 1144 3360 ac
1152 3307 1273 3360 similiter
1282 3308 1423 3377 necproxi-

916 3408 992 3444 mum
1007 3391 1056 3444 sibi
1071 3392 1242 3458 elementum,
1258 3391 1304 3445 sed
1319 3409 1347 3445 se
1365 3403 1423 3444 tan-

917 3487 984 3540 tum,
997 3476 1032 3529 ita
1046 3487 1075 3528 ut
1088 3488 1161 3546 putet
1176 3488 1262 3529 totum
1276 3492 1375 3529 nomen
1391 3476 1423 3528 ad

918 3561 943 3613 id
955 3561 1039 3614 redire
1049 3561 1118 3631 quod
1130 3560 1214 3631 ipsum
1228 3559 1358 3613 enuntiet:
1371 3577 1424 3631 quo

919 3646 956 3712 (et
973 3645 1155 3715 sequentibus)
1177 3642 1309 3715 significat
1331 3661 1423 3715 quem·

918 3728 981 3781 libet
989 3729 1112 3782 Aeonum
1123 3729 1170 3782 sibi
1181 3740 1356 3782 antonomum
1367 3745 1425 3782 esse

918 3831 948 3866 ac
963 3815 1035 3867 velut
1055 3815 1187 3885 integrum
1206 3817 1306 3880 κόσμον
1325 3813 1423 3866 consti-

917 3909 991 3952 tuere
1001 3897 1059 3968 (cfr.
1071 3899 1132 3951 Exc.
1147 3897 1235 3950 Theod.
1252 3911 1296 3966 32:
1309 3901 1424 3960 ἰκαστος

918 3990 970 4037 τῶν
986 3987 1094 4038 Αἰώνων
1107 3987 1175 4036 ἰ’διον
1190 3987 1249 4051 ἔχει
1267 3985 1422 4050 πλήρωμα).

952 4070 995 4136 (3)
1018 4067 1119 4125 Altudit
1147 4067 1180 4120 ad
1207 4070 1424 4120 ἀποκατάστασιν

919 4150 976 4220 [cfr.
995 4150 1093 4222 graec]
1115 4168 1137 4204 c.
1157 4151 1206 4204 VII
1225 4151 1392 4220 descriptam.
