3238 5090
172 463 375 533 (xxm-XL,
388 463 436 533 ι).]
568 465 658 512 arone
682 464 847 510 secusous
1177 460 1242 526 429

171 657 405 748 quaestionibus
437 674 616 748 occupatur,
644 675 675 726 et
697 682 762 746 quo
793 659 863 746 plus
896 658 964 724 aliis
996 655 1178 724 adinvenire
1208 681 1243 726 se

119 827 122 833 .
170 766 338 845 existimat,
358 765 496 854 reliquos
519 767 693 853 imperitos,
710 782 741 832 et
755 763 879 847 idiotas,
896 781 927 831 et
943 765 1094 834 animales
1113 792 1242 852 vocam,

171 870 310 959 eoquod
325 871 574 959 nonsuscipiant
590 871 658 938 eius
674 887 739 938 tam
753 895 871 938 vanum
888 869 1046 953 laborem;
1063 873 1124 941 hoc
1141 879 1243 965 magis

172 994 219 1042 est
242 977 370 1043 insanus
394 993 424 1042 et
448 976 601 1066 stupidus,
624 995 787 1066 tamquam
811 975 944 1044 fulmine
966 1001 1144 1067 percussus,
1153 982 1187 1035 (¹)
1209 984 1241 1049 in

172 1083 259 1150 nullo
283 1082 396 1150 cedens
425 1085 506 1164 Dee,
530 1083 584 1151 sed
614 1107 669 1173 per
699 1085 874 1167 scientiam,
898 1107 993 1173 quarn
1026 1086 1184 1156 invenisse
1208 1113 1241 1156 se

173 1206 268 1278 putat,
291 1191 397 1278 ipsum
429 1195 530 1257 mutat
553 1192 671 1271 Deum,
694 1207 724 1258 et
747 1191 898 1258 iaculatur
929 1194 1118 1260 sententiam
1151 1217 1241 1262 suam

172 1318 264 1384 super
284 1295 534 1386 magnitudinem
554 1296 693 1364 factoris.

241 1509 322 1576 Can.
339 1509 476 1575 XXVII.
524 1508 631 1600 [WH.
647 1508 714 1590 XL,
736 1509 778 1600 1].
826 1511 1005 1592 Quouono
1021 1533 1171 1580 orontes
1188 1536 1243 1581 na-

176 1636 318 1682 teneoras
333 1635 476 1682 exsoavt.
526 1637 553 1682 1.
571 1618 689 1685 Sensus
697 1617 731 1670 (²)
746 1633 852 1683 autem
868 1640 973 1700 sanuS,
989 1635 1019 1685 et
1037 1621 1090 1707 qui
1107 1621 1174 1687 sine
1190 1645 1244 1709 pe·

172 1722 272 1788 riculo
288 1739 347 1804 est,
363 1739 393 1788 et
409 1721 585 1810 religiosus,
601 1741 631 1790 et
648 1747 757 1790 amans
773 1745 896 1806 verum,
912 1747 991 1812 quae
1013 1725 1142 1814 quidem
1157 1726 1242 1795 dedit

171 1829 204 1895 in
228 1827 396 1896 hominum
418 1845 605 1918 potestatem
625 1830 724 1910 Deus,
743 1846 773 1896 et
789 1829 926 1899 subdidit
941 1849 1066 1900 nostrae
1082 1835 1240 1916 scientiae,

172 1934 247 2002 haec
279 1953 426 2024 prompte
456 1934 666 2016 meditabitur,
693 1952 724 2002 et
747 1937 779 2002 in
803 1937 878 2025 ipsis
909 1936 1060 2024 proficiet,
1090 1938 1240 2006 diuturno

172 2042 275 2109 studio
300 2040 422 2108 facilem
446 2043 608 2109 scientiam
639 2044 797 2109 eoruml³l
818 2041 967 2110 efficiens.
1024 2045 1104 2111 Sunt
1133 2063 1238 2112 autem

173 2147 258 2228 haec,
281 2170 360 2235 quae
383 2164 453 2214 ante
477 2147 587 2214 oculos
617 2164 744 2214 nostros
767 2166 947 2230 occurrunt,
970 2165 1001 2216 et
1023 2171 1239 2239 quaecumque

171 2271 285 2342 aperte,
298 2270 329 2319 et
345 2254 411 2320 sine
425 2252 575 2342 ambiguo
591 2253 665 2342 ipsis
677 2251 867 2322 dictionibus
882 2255 982 2344 posita
998 2273 1071 2322 sunt
1087 2258 1118 2323 in
1135 2257 1240 2346 Scrip-

171 2360 262 2426 turis:
286 2377 316 2426 et
332 2358 403 2426 ideo
418 2359 582 2448 parabolae
597 2358 710 2426 debent
729 2383 794 2425 non
811 2357 967 2448 ambiguis
989 2360 1137 2449 adaptari.
1185 2364 1236 2431 Sic

170 2467 256 2532 enim
272 2483 302 2533 et
317 2467 370 2556 qui
385 2463 530 2546 absolvit,
555 2467 621 2532 sine
644 2467 784 2554 periculo
808 2464 952 2549 absolvit,
971 2483 1001 2535 et
1020 2465 1185 2556 parabolae
1200 2469 1237 2536 ab

170 2573 318 2642 omnibus
331 2575 476 2642 similiter
487 2573 718 2640 absolutionem
731 2574 899 2662 accipient;
912 2592 941 2641 et
954 2597 970 2640 a
983 2576 1112 2670 ueritate
1124 2599 1238 2664 corpus

170 2675 340 2769 integrum,
350 2681 384 2735 (4)
407 2698 438 2748 et
460 2680 556 2746 simili
579 2681 735 2768 aptatione
763 2679 994 2762 membrorum,
1017 2698 1047 2749 er
1071 2683 1139 2748 sine
1162 2705 1240 2750 con-

242 2863 269 2907 1.
286 2841 324 2908 ‘0
337 2843 423 2926 ὑγιὴς
437 2842 545 2918 νοῠςθ)
556 2843 609 2906 καὶ
621 2839 775 2918 ἀκίνδυνος
789 2844 842 2906 καὶ
857 2841 986 2928 εὐλαβὴς
1001 2845 1053 2908 καὶ
1066 2843 1240 2928 principii-fc

169 2953 228 3013 loa
251 2946 334 3038 [μὲν]
357 2949 389 3012 ἐν
411 2958 450 3033 τῇ
472 2957 530 3012 τῶν
552 2945 721 3032 ὼιθμώπων
742 2946 862 3032 ἑξουιμῖᾳ
885 2947 1016 3014 δέδωκεν
1038 2949 1055 3014 ὁ
1079 2947 1166 3031 Θεὸς,
1186 2952 1238 3014 καὶ

170 3055 339 3140 ὑποτέταχε
362 3063 401 3140 τῇ
422 3053 554 3140 ἡμετέρᾳ
575 3053 696 3138 γνώσει,
719 3062 814 3118 ταῦτα
837 3054 1001 3139 προθύμως
1029 3055 1238 3139 ἐκμελετῆσει,

168 3165 222 3225 καὶ
244 3163 276 3226 ὲν
298 3163 397 3238 αὐτοῖς
419 3158 577 3244 uportdlet,
601 3161 649 3224 διὰ
664 3169 717 3244 τῆς
731 3159 938 3244 καθημερινῆς
952 3159 1112 3245 ἀσκήσεως
1134 3160 1238 3246 badius

169 3271 223 3352 τὴν
241 3267 375 3353 μάθησιν
393 3267 490 3351 ἐαυτῷ
504 3267 688 3352 ποιούμενος.
735 3265 826 3331 Ἔστι
840 3267 874 3330 δὲ
888 3275 992 3350 ταῦτα,
1007 3265 1045 3331 τά
1058 3289 1091 3332 τε
1106 3265 1158 3331 ὑπ’
1171 3269 1239 3351 ὖψιν

169 3375 314 3440 πίπτοντα
329 3379 382 3459 τὴν
396 3372 554 3458 ἡμετέραν,
570 3374 623 3437 καὶ
637 3375 697 3437 ὅσα
710 3383 844 3457 φανερῶς
859 3375 912 3437 καὶ
926 3369 1138 3460 ἀναμφιβόλως
1152 3375 1239 3438 αὐτο-

168 3479 247 3558 λεξεὶ
270 3481 303 3544 ἐν
326 3489 389 3557 ταῖς
411 3477 509 3556 θείαις
533 3479 664 3564 speque
687 3478 839 3544 λέλεκται.

204 3690 246 3751 (1)
266 3687 361 3740 Modus
380 3687 500 3756 proverb.
522 3703 608 3758 graec.
630 3689 675 3754 ip·
729 3691 816 3741 αὐτῶν
843 3688 922 3757 legit:
950 3687 1025 3758 quasi
1049 3688 1236 3740 «intellectum

170 3774 323 3838 βρόντητοςε
343 3771 389 3824 sed
407 3770 455 3824 cfr.
476 3771 543 3824 infra
562 3785 631 3836 xxx,
653 3787 675 3834 r,
732 3787 848 3824 «eorum
868 3771 972 3824 facilem
990 3771 1138 3826 reddens».

167 3855 211 3908 ubi
225 3872 316 3908 revera
326 3855 468 3908 Gnosticos
482 3873 542 3908 cum
553 3855 675 3926 Giganti·
765 3853 808 3923 (4)
815 3857 867 3908 Kal
875 3858 904 3906 τὸ
914 3857 1034 3923 πρὸςτὴν
1044 3853 1178 3922 ἀληθειαν
1188 3871 1238 3908 σοι·

166 3939 352 4008 busFlegraeis
362 3941 396 3993 ob
406 3940 555 4010 superbiant
565 3939 674 3994 confert.
729 3938 833 4005 ματὶονι
852 3937 1025 3992 hellenismus
1038 3955 1086 4010 pro
1096 3947 1185 4010 corpus
1197 3955 1238 3991 ve·

202 4025 244 4092 (2)
265 4023 336 4077 Haec
359 4039 462 4095 quoque
490 4041 522 4078 ex
550 4023 674 4078 Duunsc.
730 4026 821 4077 ritatis.
858 4023 930 4077 Haec
949 4041 1013 4078 vero
1031 4023 1151 4094 loquutio
1166 4023 1236 4076 Iren.

167 4108 183 4162 l.
197 4126 219 4162 c.
232 4109 406 4162 desumuntur
418 4107 477 4174 [cfr.
490 4109 579 4174 Hom,
592 4109 675 4178 ibid.].
730 4107 851 4179 frequens
867 4120 916 4161 est.
958 4107 1013 4162 Clr.
1032 4125 1058 4161 v.
1077 4125 1103 4177 g.
1126 4107 1147 4172 Ι,
1166 4121 1204 4171 tx,
1224 4121 1235 4172 5

202 4195 245 4261 (3)
259 4191 360 4246 Graece
387 4195 458 4247 male
479 4198 574 4261 senso.
624 4194 674 4247 lnt.
730 4197 767 4264 (p.
791 4195 869 4263 149);
888 4196 935 4257 Εἰς
952 4195 1021 4248 tulo.
1043 4208 1066 4248 1.
