3230 5062
362 443 422 508 160
646 459 775 510 itemst
799 462 958 508 inversus
982 461 1137 508 nnnnesss
1299 459 1356 530 pn,
1373 475 1421 512 1-2

356 655 495 746 quidem,
507 656 620 744 quippe
638 678 737 743 quum
753 673 834 722 esset
849 655 1018 738 masculus,
1034 652 1203 722 abscidisse
1219 679 1237 722 a
1252 657 1423 744 semetipso

357 762 513 843 umbram,
537 779 568 828 et
587 784 765 849 regressum
783 762 815 827 in
838 762 995 828 Pleroma.
1041 762 1178 828 Matrem
1194 779 1299 828 autem
1317 761 1425 828 subre-

291 939 294 946 ,
357 871 461 937 lictam
486 867 543 935 sub
566 868 688 950 umbra,
707 885 869 935 vacuatam
893 885 996 935 autem
1022 869 1150 956 spiritaii
1180 868 1361 948 substantia,
1381 870 1425 936 al-

356 993 459 1042 temm
483 973 583 1040 filium
602 975 753 1040 emisisse.
800 975 838 1041 Et
857 975 940 1041 hunc
956 998 1025 1041 esse
1041 976 1264 1064 Demiurgum,
1280 999 1374 1065 quern
1393 993 1424 1041 et

357 1071 606 1169 omnipotentem
630 1079 703 1146 dicit
723 1103 833 1146 eorum
857 1104 936 1168 quae
954 1082 981 1147 ei
1002 1081 1170 1148 subiacent.
1218 1082 1422 1150 Coemissurn

357 1204 462 1255 autern
485 1189 513 1253 ei
533 1204 563 1254 et
586 1187 746 1253 sinistrum
771 1187 956 1275 principem,
976 1188 1120 1254 similiter
1139 1188 1188 1255 his
1210 1190 1263 1276 qui
1282 1188 1423 1255 dicentur

357 1293 483 1362 anobis
507 1294 576 1361 falsi
598 1296 738 1362 nominis
763 1296 917 1362 Gnostici.
931 1296 964 1348 (¹)
1010 1295 1048 1362 Et
1071 1296 1176 1363 Iesum
1196 1314 1301 1363 autem
1312 1296 1345 1349 (²)
1368 1297 1425 1362 ali-

356 1399 482 1488 quando
504 1399 631 1488 quidem
655 1398 692 1466 ab
716 1421 754 1466 eo
777 1401 831 1486 qui
847 1416 1038 1488 separatusa
1057 1417 1157 1467 matre
1175 1421 1287 1467 eorum
1307 1416 1338 1466 et
1351 1423 1425 1468 coa-

358 1505 491 1574 dunatus
504 1523 550 1572 est
569 1529 641 1572 cum
656 1505 793 1593 reliquis,
812 1506 965 1572 emissum
980 1505 1065 1588 dicit,
1081 1505 1112 1573 id
1128 1523 1175 1572 est
1191 1530 1207 1573 a
1227 1506 1380 1573 Theleto:
1391 1508 1425 1560 (³)

357 1611 522 1701 aliquando
542 1628 646 1678 autern
670 1610 708 1677 ab
732 1635 780 1692 eo,
799 1613 853 1699 qui
874 1614 1043 1678 recucurrit
1067 1634 1193 1678 sursum
1214 1613 1247 1678 in
1266 1612 1423 1694 Pleroma,

359 1718 419 1785 hoc
442 1734 528 1784 esta
559 1717 705 1784 Christo:
733 1715 898 1805 aliquando
921 1734 1026 1784 autem
1054 1717 1092 1784 ab
1120 1718 1286 1805 Anthropo
1306 1735 1336 1784 et
1366 1719 1425 1785 Ec-

359 1825 462 1892 clesia.
474 1825 507 1878 (⁴)
552 1824 590 1891 Et
602 1825 752 1912 Spiritum
772 1843 877 1892 autem
893 1841 1035 1891 sanctum
1051 1848 1068 1891 a
1082 1826 1221 1892 Veritate
1240 1823 1314 1892 dicit
1330 1828 1426 1892 emis-

359 1930 486 2011 sum‚(⁵)
510 1931 541 1996 in
565 1932 828 1997 examinationem
849 1947 879 1996 et
899 1929 1171 1997 fructificationem
1194 1931 1354 2012 Aeonum,
1378 1932 1426 1996 in-

358 2092 591 2176 ᾰποκεκυῆσθαι
615 2095 691 2176 μετὰ
713 2102 801 2170 σκιᾶς
824 2110 911 2169 τινος.
960 2094 1148 2188 Καὶέτοῦτον
1164 2093 1228 2175 μὲν,
1244 2093 1298 2156 ἅτε
1316 2092 1427 2177 ἄρρενα

358 2198 543 2284 ὑπάρχοντα,
567 2195 767 2282 ἀποκθβαντα
789 2196 841 2282 ἀφ’
854 2198 962 2261 ἑαυτοῦ
985 2201 1038 2282 τῆν
1062 2201 1160 2286 σκιὰν,
1183 2198 1362 2283 ἀναδραμεῖν
1385 2198 1427 2274 εἰς

358 2309 392 2369 τὸ
415 2304 581 2389 Πλῆρυμα.
629 2304 693 2388 Τὴν
716 2305 749 2368 δὲ
773 2303 884 2390 μιτέρα
906 2304 1143 2388 ὑπολειφθεῖσαν
1161 2307 1238 2388 μετὰ
1256 2313 1310 2388 τῆς
1327 2315 1425 2382 σκιᾶς,

358 2411 568 2497 κεκενωμένην
589 2434 622 2476 τε
638 2421 689 2496 τῆς
703 2421 903 2495 πνευματικῆς
926 2411 1128 2491 ὑποστάσεως,
1145 2413 1246 2496 ἕτερον
1261 2411 1323 2476 υἱον
1338 2432 1426 2496 προε-

358 2517 546 2603 νέγκασθαι·
570 2520 623 2581 καὶ
644 2527 747 2581 τοῦτον
766 2520 840 2581 εἶναι
857 2522 908 2582 τον
927 2515 1122 2603 Δημιουργδν,
1141 2519 1174 2581 ὃν
1192 2521 1244 2580 καὶ
1263 2519 1426 2604 παντοκρά-

359 2644 433 2710 τορα
444 2624 526 2709 λέγει
537 2635 595 2689 τῶν
607 2623 819 2708 ὑποκειμένων.
862 2624 1157 2711 Συμπροβεβλῆσθαι
1169 2625 1202 2688 δὲ
1212 2626 1293 2708 αὐτῷ
1304 2627 1357 2688 καὶ
1368 2627 1425 2710 ἀρ.-

360 2736 466 2816 στερδν
478 2733 611 2817 ἄρχοντα
629 2732 833 2817 ἐδογμάτισεν,
853 2731 959 2816 ὁμοίως
976 2741 1037 2808 τοῖς
1055 2731 1272 2818 ῥηθησομένοις
1287 2730 1427 2817 ὑφ’ῆμῦν

360 2836 561 2921 ψευδιυνῦμοις
586 2836 772 2912 Γνωστικοῖς.
819 2835 881 2900 Καὶ
903 2836 954 2898 τὸν
978 2833 1097 2920 Ἰησοῦν
1119 2837 1192 2899 ποτὲ
1215 2837 1271 2920 μὲν
1294 2835 1425 2898 ἀπὸτοῦ

360 2942 558 3020 συσταλέντος
581 2945 641 3007 ἀπὸ
664 2953 715 3027 τῆς
735 2946 844 3027 μητρὸς
862 2944 970 3022 αὐτῶν,
989 2939 1252 3028 συναναχυθέντσς
1269 2951 1328 3018 τοῖς
1346 2941 1426 3015 ὅλοις

359 3050 586 3138 προβεβλῆσθαι
615 3071 697 3136 φησι,
721 3049 854 3113 τουτέστι
877 3057 930 3111 τοῦ
958 3045 1112 3132 Θελητοῦ·
1136 3051 1211 3112 ποτὲ
1233 3049 1267 3112 δὲ
1290 3049 1350 3113 ἀπὸ
1373 3056 1425 3111 τοῦ

360 3154 581 3243 ἀναδραμόντος
601 3157 643 3234 εἰς
664 3159 698 3220 τὸ
722 3155 889 3240 Πλήρωμα,
905 3153 1038 3220 τουτέστι
1054 3163 1107 3220 τοῦ
1123 3155 1273 3239 Χριστοῦ·
1297 3157 1371 3218 ποτέ
1394 3154 1426 3218 δὲ

360 3267 421 3328 ἀπὸ
443 3274 496 3328 τοῦ
519 3261 705 3348 Ἀνθρώπου
728 3264 780 3326 καὶ
797 3272 851 3346 τῆς
870 3259 1068 3346 Έκκλησέας.
1116 3263 1179 3327 Καὶ
1196 3265 1230 3326 τὸ
1249 3261 1375 3345 Πνεῦμα
1393 3260 1427 3323 δὲ

360 3375 394 3436 τὸ
417 3374 501 3457 ἅγιον
524 3371 582 3434 ὑπὸ
605 3380 658 3454 τῆς
681 3368 850 3454 Ἀληθείας
872 3371 945 3453 φησὶ
966 3368 1194 3455 προβεβλῆσθαι
1213 3369 1254 3445 εἰς
1273 3367 1427 3450 ἀνάκρισιν

397 3510 867 3583 offlfflwwmwfflw
922 3508 1424 3565 mmmmcmmmffl

362 3593 1425 3670 awmemwfflcffipVfflmmfflmmmffm

397 3682 439 3750 (2)
468 3679 647 3750 Distinguitur
687 3697 749 3732 sane
781 3679 823 3731 hic
852 3695 867 3730 a
922 3679 1049 3731 emissum
1064 3695 1109 3730 seu
1124 3695 1139 3730 a
1155 3677 1252 3749 Bytho,
1267 3688 1428 3748 atquetran-

361 3764 476 3818 Christo.
922 3761 996 3815 siisse
1017 3779 1064 3832 per
1086 3761 1200 3814 Mariam
1224 3773 1252 3814 ut
1271 3777 1317 3831 per
1335 3761 1426 3813 tubum

398 3851 440 3919 (3)
459 3849 564 3902 Coniux
588 3847 631 3902 hic
654 3848 776 3919 Sophiae,
794 3865 867 3917 sepa·
923 3863 989 3917 aqua
1002 3847 1104 3900 transit.
1141 3845 1221 3909 Quod
1230 3845 1375 3916 simplicius
1389 3854 1427 3896 est

363 3931 1161 4003 mmmmfflmmmmfflsmwmfflm

362 4018 525 4072 coadunatus
543 4017 679 4070 Aeonibus
699 4017 744 4084 (II,
767 4018 802 4076 ολ.
954 4016 1002 4082 ,(5)
1022 4014 1121 4068 Contra
1138 4015 1182 4068 scl.
1199 4031 1221 4068 c.
1236 4015 1270 4080 11,
1285 4029 1315 4080 43
1331 4025 1428 4068 etcum

398 4105 439 4172 (4)
453 4103 575 4156 Hippot.
590 4100 637 4166 VI,
655 4115 700 4171 353
716 4119 770 4153 non
781 4101 868 4154 minus
923 4100 1045 4171 Hunos.¹
1058 4100 1074 4152 l.
1098 4117 1120 4152 c.
1141 4101 1168 4168 <a
1194 4099 1284 4153 Mente
1309 4110 1335 4152 et
1354 4097 1430 4152 Veri·

362 4186 428 4240 salso
446 4198 499 4239 tres
518 4185 638 4239 Christos
652 4185 797 4254 distinguit.
832 4185 868 4238 At
923 4187 998 4252 tate).
