3274 5100
229 481 364 547 (XXVIII,
378 481 460 550 ιον]
649 483 738 530 arsen
763 485 877 530 narnus
1232 463 1294 549 287

229 675 400 764 petulanter
422 691 567 764 agentem
591 699 688 764 usque
718 674 756 744 ad
788 674 937 763 abyssos:
968 692 999 742 et
1028 677 1234 764 assumpsisse
1258 699 1296 742 ex

228 783 273 848 eis
292 804 415 870 corpus.
462 783 696 849 Humectationi
720 784 805 849 enim
829 783 959 848 luminis
977 783 1044 848 eius
1063 783 1170 849 omnia
1189 805 1297 848 accur·

229 890 305 954 risse
328 906 360 955 et
382 888 559 955 adhaesisse
581 887 699 969 dicunt,
732 904 763 955 et
793 891 1052 956 circumtenuisse
1083 912 1167 956 eam:
1200 913 1296 978 quam

228 996 288 1062 nisi
312 994 480 1076 habuisset,
503 1013 568 1062 tota
596 994 741 1083 absorpta
771 995 902 1063 fortasse
926 995 1035 1062 fuisset
1059 1013 1089 1062 et
1112 993 1255 1062 demersa
1278 1020 1295 1062 a

229 1102 366 1166 materia.
413 1101 589 1188 Deligatam
625 1103 719 1190 igitur
756 1101 834 1169 hanc
866 1126 884 1168 a
917 1124 1059 1192 corpore,
1082 1101 1166 1190 quod
1190 1119 1295 1169 erata

229 1209 367 1287 materia,
399 1221 429 1273 et
459 1207 549 1273 valde
580 1225 740 1295 gravatam
767 1209 934 1296 resipuisse
964 1207 1142 1296 aliquande,
1177 1225 1207 1274 et
1242 1231 1295 1274 co-

228 1328 333 1378 natam
357 1335 426 1378 esse
451 1311 557 1400 fugere
580 1335 686 1401 aquas,
710 1329 740 1379 et
771 1312 935 1380 ascendere
971 1311 1008 1380 ad
1043 1329 1198 1394 matrem;
1231 1335 1296 1378 non

228 1420 365 1506 potuisse
388 1435 493 1486 autem
517 1437 642 1507 propter
676 1420 878 1507 gravedinem
904 1420 1118 1509 circumpositi
1142 1421 1294 1508 corporis.

229 1525 327 1593 Valde
350 1544 455 1593 autem
480 1527 561 1604 male
585 1550 618 1593 se
642 1525 807 1593 habentem
836 1527 1047 1594 machinatam
1071 1549 1139 1594 esse
1163 1525 1296 1592 abscon-

228 1633 299 1700 dere
322 1633 397 1700 illud
421 1632 505 1721 quod
525 1651 589 1700 erat
611 1632 745 1722 desuper
767 1633 885 1714 lumen,
905 1635 1069 1700 timentem
1089 1657 1128 1699 ne
1144 1651 1175 1699 et
1191 1635 1295 1722 ipsum

228 1739 400 1807 laederetur
414 1739 452 1807 ab
469 1739 669 1807 inferioribus
688 1741 863 1822 elementis,
880 1738 1150 1828 quemadmodum
1171 1755 1201 1806 et
1218 1741 1294 1828 ipsa.

228 1845 266 1912 Et
278 1869 376 1934 quum
389 1847 538 1912 virtutem
553 1847 721 1934 accepisset
740 1845 778 1913 ab
796 1846 1030 1914 humectatione
1046 1847 1113 1912 eius
1129 1844 1213 1935 quod
1230 1862 1295 1911 erat

228 1951 400 2019 secundum
424 1975 494 2020 eam
518 1952 637 2034 lumen,
661 1953 780 2034 resiliit,
800 1953 881 2019 etin
900 1950 1125 2020 sublimitatem
1145 1953 1222 2018 elata
1238 1969 1294 2033 est,

228 2075 257 2124 et
281 2057 359 2125 facta
382 2060 414 2125 in
438 2059 501 2126 alto
524 2057 673 2142 dilatavit,
697 2076 729 2127 et
747 2061 920 2148 cooperuit,
944 2077 975 2126 et
998 2059 1071 2127 fecit
1094 2059 1215 2127 caelum
1234 2059 1295 2126 hoc

227 2163 310 2252 quod
324 2183 458 2252 apparet,
478 2187 494 2230 a
509 2187 640 2253 corpore
660 2165 741 2246 eius3
757 2181 787 2231 et
802 2167 954 2232 remansit
969 2164 1027 2232 sub
1044 2166 1131 2233 caelo
1149 2163 1233 2254 quod
1251 2164 1266 2231 l
1281 2206 1294 2216 -

228 2272 279 2351 cit,
302 2271 403 2338 adhuc
426 2271 542 2338 habens
567 2272 708 2361 aquatilis
732 2275 873 2362 corporis
898 2290 1022 2362 typum.
1077 2273 1189 2354 Quum
1208 2295 1296 2339 acce-

227 2378 321 2466 pisset
341 2379 626 2468 concupiscentiam
647 2381 817 2468 superioris
837 2380 977 2461 luminis,
992 2395 1023 2444 et
1040 2380 1191 2446 virtutem
1207 2402 1296 2445 sum-

227 2487 337 2572 psisset
360 2509 414 2573 per
444 2488 563 2568 omnia,
590 2485 772 2575 deposuisse
801 2506 916 2576 corpus
944 2504 973 2554 et
997 2484 1158 2554 liberatam
1182 2486 1292 2552 abeo.

228 2593 353 2680 Corpus
369 2609 473 2659 autem
489 2593 561 2676 hoc,
580 2592 734 2684 [quod](¹)
749 2596 872 2661 exuisse
885 2594 993 2661 dicunt
1008 2617 1089 2676 eam,
1107 2593 1258 2661 feminam
1274 2617 1291 2660 a

227 2697 343 2766 femina
366 2701 541 2766 nominant.

292 2829 323 2891 4.
340 2805 378 2872 Et
393 2804 493 2874 filium
509 2824 614 2872 autem
630 2807 735 2873 eiuse)
748 2806 856 2875 dicunt
869 2807 1013 2874 habuisse
1030 2823 1060 2873 et
1074 2809 1178 2894 ipsum
1192 2807 1295 2894 adspi-

227 2915 380 2980 rationem
403 2912 573 3002 quamdam
596 2915 629 2980 in
653 2937 686 2979 se
709 2914 937 3002 incorruptelae
953 2937 970 2980 a
986 2931 1086 2981 matre
1104 2913 1244 2980 relictam
1264 2915 1293 2978 ei

226 3092 258 3142 ἐκ
275 3091 321 3141 τοῦ
339 3093 520 3157 πορικιιμὲνου
539 3093 661 3156 σώματος
679 3093 901 3144 κατοσκεοοὶσθαι
918 3095 964 3144 τὸν
982 3094 1094 3162 οὐρανόν
1172 3093 1293 3145 Ἐκεῖνον

226 3179 255 3229 tt
268 3181 324 3230 υἱὸν
337 3179 382 3230 τοῦ
395 3179 541 3244 Προονῑκου
553 3179 665 3230 καλοῦσι
678 3218 684 3231 .
696 3219 720 3234 ..
734 3181 865 3245 Κᾴκεῑνσς
880 3182 910 3231 δὲ
922 3181 1002 3232 πάλιν
1016 3181 1100 3234 ἄλλον
1114 3182 1169 3232 υῑδν
1181 3183 1293 3246 προσβὰ-

225 3267 288 3318 tneo
368 3271 415 3319 καί
433 3267 462 3328 ἐξ
481 3266 585 3320 ἐκείνου
611 3274 736 3334 συστῆναι
760 3270 883 3334 λέγουσιν
908 3271 999 3334 ἕτερον
1081 3272 1128 3320 καὶ
1152 3272 1229 3336 μέχρι
1247 3272 1293 3321 τοῦ

224 3357 292 3407 aar&
315 3357 427 3422 ἀριθμοῦ
449 3357 577 3425 προβῆναι
594 3359 643 3420 τὰς
661 3359 800 3422 προβολάς.
885 3359 1037 3411 Ἐπάθεοαν
1055 3359 1086 3410 δὲ
1104 3361 1151 3410 καί
1175 3361 1293 3424 ὀνόματα

224 3450 279 3508 τοῖς
297 3447 494 3512 epanaphora
512 3447 577 3510 ὑισίς
595 3451 628 3513 τῇ
648 3447 774 3517 'saperda
793 3449 955 3518 χρησάμενοι
972 3448 1119 3514 aldam...

224 3617 291 3672 infra
307 3619 340 3672 de
354 3617 452 3689 Sophia
462 3619 504 3672 hic
517 3635 621 3691 quoque
640 3619 729 3673 habes.
820 3621 863 3688 (r)
883 3620 957 3691 Legit
976 3622 1054 3674 τοῦτο
1074 3639 1122 3693 pro
1139 3623 1226 3686 τοῦτο,
1246 3625 1268 3675 ὃ.

224 3701 250 3755 Si
260 3701 387 3772 Sophiam
396 3703 464 3756 hanc
474 3720 535 3757 cum
548 3702 653 3758 Valent.
667 3721 730 3758 con·
820 3707 862 3772 (2)
881 3704 928 3758 Est
947 3705 990 3760 hic
1009 3707 1168 3777 Demiurgus
1187 3721 1213 3760 et
1229 3708 1292 3760 heb-

224 3784 300 3852 feres,
313 3785 389 3840 lacile
401 3787 482 3841 habes
500 3787 569 3840 hanc
587 3788 730 3859 simplicio·
784 3788 877 3842 domas
896 3801 924 3843 ut
943 3791 1012 3861 apud
1032 3790 1213 3845 Valentinum.
1247 3792 1293 3844 Se-

224 3889 281 3926 rem
308 3887 374 3934 esse,
402 3887 486 3943 neque
516 3889 548 3926 er
576 3873 730 3926 Achamoth
785 3885 856 3944 ptem
870 3873 897 3927 hi
911 3875 1158 3946 spiritusaseptem
1169 3876 1291 3946 planetis,

224 3955 386 4027 complicari,
409 3967 435 4010 et
461 3957 519 4010 ideo
540 3957 729 4011 Valentiniana
784 3975 849 4028 quos
867 3970 970 4012 veteres
991 3970 1130 4024 noverant,
1158 3959 1291 4012 derivatos

223 4040 384 4094 anteriorem
397 4057 462 4094 esse.
498 4041 616 4095 Attende
626 4059 730 4114 quoque
784 4042 852 4108 vide,
866 4043 932 4096 infra
947 4044 961 4112 §
975 4060 992 4114 9
1007 4042 1052 4096 lin.
1084 4043 1232 4097 «Sanctam
1246 4061 1291 4098 au·

223 4136 308 4178 totam
331 4125 400 4178 hanc
425 4124 540 4179 fabulam
563 4143 641 4198 super
666 4127 729 4180 Gen.
787 4140 863 4182 utem
874 4129 1069 4182 hebdomadam
1080 4141 1182 4200 septem
1192 4130 1290 4194 stellas,

222 4207 243 4273 I,
265 4224 275 4278 3
298 4208 408 4263 institui.
787 4213 1289 4283 ‹aquasdicuutplanetas,essevclunt».
