3274 5100
205 505 239 572 (1,
261 505 344 574 2-3).]
606 505 695 550 arnan
718 503 882 550 sccuxnus
1212 505 1271 570 311

206 699 324 780 dicunt,
348 699 406 766 erit
431 698 595 777 Pleroma;
619 713 650 762 et
679 695 888 763 continebitur
912 695 1058 762 Pleroma
1077 695 1115 762 ab
1134 719 1173 763 eo
1192 697 1274 784 quod
1324 775 1326 780 ,

206 823 254 871 est
265 823 367 886 extra3
381 827 455 872 cum
468 804 647 870 Pleromate
660 819 764 869 autem
778 800 978 868 subaudiatur
989 819 1019 868 et
1031 804 1152 891 primus
1161 804 1276 894 Deus),

206 931 259 980 aut
282 933 392 977 rursus
416 911 450 976 in
473 911 669 976 immensum
692 909 805 975 distare
829 925 860 974 et
883 925 1019 997 separata
1044 933 1112 976 esse
1136 909 1173 975 ab
1197 912 1278 977 invi-

206 1041 287 1098 cem,
307 1018 337 1084 id
357 1033 405 1084 est
428 1033 459 1084 et
484 1016 632 1083 Pleroma
648 1033 678 1083 et
693 1014 776 1103 quod
793 1031 840 1081 est
855 1032 940 1081 extra
956 1014 1076 1082 illudl¹l
1121 1017 1153 1084 Si
1170 1035 1275 1083 autent

208 1127 267 1192 hoc
290 1123 436 1204 dixerint,
460 1125 587 1190 tertium
611 1121 685 1212 quid
709 1123 777 1203 erit,
800 1120 884 1210 quod
909 1124 940 1188 in
964 1124 1158 1190 immensum
1189 1148 1276 1212 sepa-

207 1248 253 1298 rat
272 1231 418 1297 Pleroma
442 1248 473 1296 et
496 1229 555 1295 hoc
579 1228 662 1318 quod
694 1245 741 1294 est
775 1245 860 1294 extra
886 1226 979 1308 illud3
1011 1245 1041 1295 et
1064 1228 1123 1296 hoc
1148 1231 1274 1298 tertium

206 1336 396 1408 circumlinit
419 1355 449 1404 et
473 1334 646 1403 continebit
668 1353 809 1423 utraque,
833 1338 937 1402 eterit
954 1337 1055 1402 maius
1071 1338 1198 1403 tertium
1214 1336 1274 1403 hoc

206 1461 237 1510 et
261 1445 438 1514 Pleromate
461 1461 491 1511 et
510 1466 549 1510 eo
571 1441 655 1531 quod
675 1462 722 1510 est
745 1460 830 1508 extra
854 1441 940 1523 illud,
965 1443 1044 1508 sicut
1068 1445 1099 1508 in
1122 1465 1180 1509 suo
1204 1444 1273 1509 sinu

206 1553 371 1618 continens
396 1567 544 1640 utraque:
569 1567 599 1615 et
616 1551 647 1615 in
671 1549 831 1616 inlinitum
848 1547 887 1616 de
903 1548 1046 1637 hisquae
1065 1551 1274 1632 continentur,

204 1675 236 1723 et
258 1656 296 1724 de
320 1657 369 1723 his
393 1680 477 1745 quae
499 1657 671 1736 continent,
695 1654 811 1721 incidet
829 1678 944 1722 sermo.
991 1657 1025 1722 Si
1044 1656 1129 1722 enirn
1148 1657 1274 1721 tertium

205 1763 266 1830 hoc
302 1764 429 1829 initium
464 1761 589 1830 habebit
618 1762 651 1827 in
687 1761 846 1848 superiora
876 1777 906 1826 et
936 1759 1033 1826 finem
1062 1762 1094 1826 in
1118 1759 1275 1840 inferiora,

144 1915 145 1918 ,
206 1869 339 1934 omnino
363 1869 531 1934 necessitas
554 1882 602 1933 est
624 1883 697 1938 eta
729 1865 876 1932 lateribus
899 1864 1020 1933 definiri
1044 1865 1132 1950 illud,
1156 1868 1205 1934 vel
1228 1868 1276 1934 in-

205 1975 323 2040 choans
358 1975 408 2040 vel
443 1972 590 2040 desinens
625 1971 661 2038 ad
698 1973 756 2042 alia
784 1972 951 2061 quaedam:
976 1990 1006 2039 et
1029 1973 1079 2040 illa
1104 1996 1221 2054 rursus,
1245 1991 1276 2041 et

207 2083 267 2148 alia
289 2104 367 2170 quae
391 2099 465 2147 sunt
488 2104 613 2147 sursum
640 2097 670 2146 et
693 2102 773 2167 quae
796 2079 957 2159 deorsum,
980 2078 1018 2147 ad
1041 2081 1098 2146 alia
1122 2079 1272 2169 quaedam

209 2187 366 2255 habebunt
388 2189 485 2266 initia,
520 2204 550 2253 et
584 2187 644 2253 hoc
669 2187 823 2274 usquein
851 2183 1019 2268 infinitum,
1043 2203 1077 2252 ut
1101 2210 1275 2274 numquam

204 2311 265 2361 stet
288 2318 401 2361 eorum
418 2294 606 2382 excogitatio
622 2294 734 2359 inuno
751 2294 831 2375 De0‚
850 2292 904 2362 sed
919 2315 972 2386 per
988 2294 1187 2360 occasionem
1205 2294 1274 2381 plus

205 2423 300 2488 quarn
320 2416 367 2466 est
390 2397 558 2488 quaerendi
582 2401 615 2465 in
638 2397 668 2465 id
692 2399 775 2487 quod
800 2421 864 2464 non
888 2401 929 2465 sit
952 2398 1082 2481 excidat,
1099 2416 1129 2466 et
1148 2397 1275 2466 absistat

205 2530 322 2574 atero
346 2508 428 2574 De0.

272 2637 302 2700 4.
328 2612 480 2680 Similiter
495 2629 599 2680 autem
616 2611 691 2678 haec
708 2629 738 2678 et
758 2611 906 2679 adversus
922 2637 976 2680 eos
992 2615 1045 2701 qui
1061 2630 1133 2684 sunt
1156 2637 1173 2680 a
1189 2615 1275 2681 Mar-

203 2723 295 2786 cione
319 2736 419 2808 aptata
445 2738 527 2786 sunt.
578 2719 830 2786 Continebuntur
853 2721 939 2786 enim
962 2738 993 2785 et
1008 2720 1275 2788 circumfinientur

204 2843 235 2892 et
257 2824 321 2892 duo
351 2826 401 2892 dei
425 2826 491 2891 eius
516 2824 553 2892 ab
578 2827 736 2892 immenso
760 2825 934 2907 interva110,
962 2824 1046 2913 quod
1077 2843 1197 2914 separat
1220 2849 1274 2893 eos

204 2932 242 2999 ab
267 2933 414 2999 invicem.
463 2933 514 3000 Sic
538 2948 644 2998 autern
668 2930 705 2998 ad
725 2930 965 3019 excogitandum
981 2949 1028 2998 est
1044 2935 1211 3002 necessitas
1227 2956 1275 3000 se·

205 3039 343 3106 cundum
367 3061 500 3105 omnem
524 3056 642 3126 partem
667 3038 786 3104 multos
804 3037 881 3104 deos
905 3040 1062 3105 immensa
1082 3041 1275 3128 separatione

204 3143 365 3227 distantes,
389 3143 426 3211 ab
449 3146 586 3211 invicem
601 3143 730 3233 quidem
751 3144 943 3226 inchoanteS,
962 3145 998 3212 ad
1015 3148 1152 3214 invicem
1169 3163 1274 3214 autent

206 3251 365 3318 linientes:
390 3267 420 3318 et
444 3251 496 3317 illa
519 3253 639 3318 ratione
661 3273 721 3339 qua
745 3252 885 3317 nituntur
908 3251 1020 3318 docere
1037 3274 1128 3340 super
1144 3251 1274 3318 fabrica-

204 3375 308 3424 torem
324 3358 400 3424 caeli
417 3374 447 3424 et
462 3374 562 3424 terrae
575 3381 643 3423 esse
659 3356 784 3446 aliquod
797 3357 942 3424 Pleroma
962 3375 1015 3424 aut
1034 3360 1150 3440 Deum,
1164 3357 1272 3426 eadem
1363 3419 1369 3424 .

206 3466 326 3530 ratione
350 3481 439 3530 utens
461 3466 593 3553 quisque
612 3462 749 3531 adstruet
772 3487 865 3552 super
888 3465 1034 3531 Pleroma
1053 3465 1186 3532 alterum
1205 3488 1273 3532 esse

241 3639 285 3706 (1)
301 3627 372 3702 1.'e.,
392 3638 413 3690 si
434 3655 489 3690 non
508 3655 536 3691 se
556 3648 668 3708 tangant
688 3650 714 3690 et
767 3637 928 3704 Pleromate)
961 3651 986 3692 et
1013 3638 1136 3692 deorsum
1167 3638 1274 3692 finiatur

206 3721 379 3787 circumdent,
407 3721 456 3775 erit
484 3722 555 3793 quod
583 3721 714 3792 separabit
769 3723 814 3786 (ab
827 3739 859 3775 eo
872 3723 941 3792 quod
957 3735 1032 3776 extra
1048 3723 1169 3776 Pleroma
1184 3725 1274 3790 est)‚a

206 3817 362 3876 utrumque:
381 3807 427 3859 sed
447 3807 542 3860 saltem
567 3805 619 3859 hoc
639 3817 713 3858 extra
769 3806 893 3858 lateribus
912 3806 993 3859 etiam
1013 3805 1120 3859 finietur
1135 3808 1167 3860 ab
1187 3808 1274 3878 aliquo

205 3901 347 3960 utrumque
366 3903 405 3944 est
425 3902 451 3944 et
471 3901 612 3958 utrumque
630 3891 714 3943 conti·
769 3891 821 3943 alio
840 3890 910 3960 quod
933 3891 982 3942 tria
1002 3890 1092 3944 omnia
1112 3891 1274 3944 circumdare

206 3985 260 4038 net,
285 3973 336 4026 nisi
362 3974 389 4027 in
415 3973 549 4028 infinitum
575 3976 713 4028 abeamus:
769 3975 859 4039 debet;
879 3975 900 4027 si
916 3991 999 4038 secus,
1018 3975 1088 4028 idem
1108 3976 1139 4028 de
1152 3976 1203 4029 hoc
1221 3977 1274 4028 alio

205 4075 278 4122 nam,
301 4058 322 4110 si
347 4071 487 4130 utrumque
513 4076 568 4112 non
596 4060 715 4112 continet
769 4059 919 4112 dicendum.
962 4057 995 4112 Et
1025 4072 1089 4112 nota
1120 4077 1171 4130 quo
1200 4060 1273 4130 plura

206 4143 251 4195 sed
267 4155 372 4196 tantum
392 4157 504 4214 separat,
522 4143 550 4196 in
565 4144 614 4196 hac
630 4144 715 4214 hypo-
769 4144 834 4196 haec
845 4144 895 4195 alia
906 4155 976 4208 sunt,
991 4161 1023 4196 eo
1036 4144 1125 4196 minus
1138 4144 1165 4196 in
1178 4144 1273 4198 horum

206 4227 284 4293 tbesi,
311 4245 393 4298 quum
422 4245 526 4280 sursum
555 4227 662 4298 incipiat
687 4231 715 4296 (a
770 4227 969 4298 comparatione
988 4226 1043 4280 lieri
1062 4228 1192 4281 Pleroma.
