3238 5090
1208 491 1271 558 417

208 491 531 562 <xxxiva-xxxva]
600 495 689 542 rara
712 493 875 542 sacunous

207 691 245 758 Et
269 691 339 759 ideo
362 690 544 783 quae[dam]
567 691 695 780 quidem
719 690 892 758 secundum
916 688 1169 778 subsequentiam
1197 690 1273 755 scri·

206 795 294 880 bunt,
317 799 408 866 sicuti
440 816 470 866 et
499 821 573 866 nos:
597 798 749 888 quaedam
783 814 888 864 autem
919 815 1093 864 retrorsum
1118 821 1136 864 a
1167 796 1273 863 dextra

206 922 290 992 parte
317 907 350 971 in
377 905 535 971 sinistram
562 921 683 993 partem
711 921 926 994 retorquentes
954 904 1069 970 literas
1115 903 1154 969 Et
1181 901 1275 970 Chri-

207 1028 273 1076 stus
295 1028 401 1078 autem
425 1013 678 1100 supputationem
698 1013 837 1078 nominis
856 1011 1096 1078 conuenientem
1112 1007 1274 1076 Aeonibus

207 1117 394 1184 Pleromatis
417 1139 529 1185 eorum
549 1115 661 1184 habere
678 1115 795 1200 debuit,
814 1119 867 1206 qui
883 1116 920 1184 ad
940 1117 1140 1184 stabilitatem
1156 1132 1187 1182 et
1205 1138 1275 1182 cor-

207 1226 379 1292 rectionem
404 1225 591 1292 Pleromatis
611 1247 723 1292 eorum
748 1225 886 1313 prolatus
910 1241 967 1304 est,
992 1222 1166 1290 secundum
1189 1222 1274 1311 quod

205 1332 323 1400 dicunt.
370 1333 408 1400 Et
432 1334 523 1400 Pater
547 1349 652 1400 autem
672 1333 815 1400 similiter
838 1349 868 1398 et
887 1355 941 1420 per
960 1333 1074 1414 literas,
1094 1348 1124 1396 et
1148 1353 1201 1418 per
1217 1353 1275 1396 nu-

207 1463 342 1521 merum,
352 1441 514 1507 continere
529 1437 636 1508 debuit
656 1461 825 1506 numerum
842 1461 964 1516 eorum,
979 1440 1033 1526 qui
1049 1435 1087 1503 ab
1110 1461 1148 1504 eo
1163 1436 1274 1524 prolati

207 1563 278 1612 sunt
301 1549 465 1626 Aeonum;
486 1545 539 1613 sed
563 1563 594 1612 et
613 1546 734 1634 Bytbus
753 1547 915 1613 similiter:
939 1545 1145 1611 nihilominus
1169 1561 1273 1610 autem

206 1668 235 1716 et
260 1652 460 1738 Unigenitus,
479 1668 510 1717 et
529 1653 666 1718 maxime
689 1669 793 1718 autem
818 1674 910 1740 super
933 1652 1171 1718 omnianomen
1189 1650 1274 1738 quod

206 1755 319 1822 dicitur
342 1757 441 1839 Deus,
463 1757 547 1845 quod
577 1774 607 1823 et
634 1760 739 1846 ipsum
770 1755 913 1824 hebraice
944 1755 1065 1824 Baruch
1095 1756 1220 1838 dicitur,
1244 1773 1274 1822 et

206 1861 283 1928 duas
306 1879 336 1928 et
359 1862 524 1931 dimidiam
542 1861 634 1931 habet
657 1864 771 1930 literas.
786 1863 820 1918 (¹)
865 1863 910 1930 Ex
934 1863 995 1930 hoc
1014 1887 1090 1951 ergo
1113 1861 1197 1951 quod
1221 1861 1274 1928 fir-

207 1971 309 2035 miora
327 1972 456 2036 nomina
473 1969 647 2038 secundum
667 1967 844 2037 hebraicam
869 1987 899 2035 et
921 1970 1097 2058 graecitatis
1121 1969 1273 2056 linguam,

207 2100 263 2143 nec
288 2077 461 2145 secundum
484 2099 655 2143 numerum
679 2076 849 2158 literarum,
879 2099 937 2144 nec
961 2075 1134 2142 secundum
1158 2098 1274 2164 suppu-

207 2186 358 2251 tationem
382 2185 574 2250 conveniunt
597 2181 749 2271 figmento
768 2205 890 2264 eorum,
914 2181 1079 2250 manifesta
1102 2198 1149 2248 est
1171 2181 1210 2249 de
1226 2205 1274 2247 re-

207 2289 301 2378 liquis
324 2288 521 2378 impudenter
544 2306 664 2356 extorta
688 2291 876 2377 supputatio.

276 2419 304 2483 3.
329 2396 433 2488 [WH.
458 2395 610 2486 XXXV]
657 2397 819 2478 Quonran
842 2417 1016 2462 secunoun
1033 2397 1273 2469 Laurentianus

207 2525 367 2586 thamnas,
391 2525 502 2580 uenus
526 2525 662 2571 stouras
686 2525 857 2571 exsistunr
881 2504 1111 2571 Paenrruornrs
1125 2523 1272 2583 resonuit,

207 2632 263 2676 seo
287 2632 350 2677 nnc
375 2631 512 2678 nouitas
535 2631 603 2676 essa
627 2631 775 2676 aossunr.
822 2611 946 2676 Etenim
963 2634 1001 2676 ex
1017 2611 1112 2698 Lege,
1125 2610 1273 2698 eligentes

205 2741 420 2806 quaecumque
440 2734 631 2783 concurrunt
650 2733 751 2783 sectae
770 2740 882 2784 eorum
902 2741 1047 2800 numer0,
1070 2733 1189 2784 tentant
1205 2719 1275 2783 uio

207 2824 305 2890 lenter
329 2823 527 2911 probationes
547 2821 658 2889 facere.
705 2823 739 2888 Si
758 2840 862 2890 autem
883 2839 949 2889 erat
967 2825 1164 2911 propositum
1182 2825 1273 2889 matri

206 2953 329 3010 eorum,
352 2932 418 2996 sive
441 2929 607 3012 saltatori,
631 2953 685 3017 per
709 2931 918 3018 Demiurgum
943 2948 1037 3017 typos
1060 2951 1171 2996 eorum
1195 2952 1274 3018 quae

207 3132 239 3182 ab
252 3143 262 3176 π
273 3129 359 3184 diflert
371 3130 446 3201 [sic])
457 3131 490 3184 ad
509 3131 630 3184 omnium
650 3148 712 3184 con-

207 3216 358 3268 sonantium
367 3215 714 3286 pronunciationemetscri·

207 3301 325 3369 ptionem
336 3300 522 3352 inserviebant.
559 3299 593 3352 Et
605 3299 657 3352 ideo
670 3307 712 3353 etc.

206 3385 266 3454 quia
277 3402 372 3455 nempe
382 3397 440 3438 tum
449 3385 471 3438 si
481 3385 646 3438 dextrorsum
656 3397 713 3438 turn

206 3470 226 3521 si
238 3469 418 3522 sinistrorsum
430 3470 536 3534 scribas,
547 3471 588 3522 vel
604 3481 657 3540 twa
671 3470 712 3522 vel

206 3567 259 3625 sps]
269 3555 337 3607 idem
346 3555 396 3607 erit
406 3571 530 3606 numerus
541 3571 636 3624 nempe
645 3553 695 3607 216
705 3573 711 3607 ε

206 3639 251 3692 sed
267 3639 295 3692 in
311 3639 427 3690 romanis
441 3639 477 3690 ita
490 3651 596 3691 nonest
610 3655 673 3690 nam
684 3653 712 3691 tx

206 3739 260 3775 non
280 3736 319 3776 est
339 3737 376 3776 xl.
414 3723 462 3790 (At
482 3722 548 3775 lren.
565 3723 598 3774 de
613 3722 713 3791 graecis

204 3824 259 3860 non
278 3808 310 3860 de
330 3807 448 3860 romanis
466 3806 619 3876 loquitari).
663 3805 713 3860 Vel

205 3891 292 3960 potius
305 3891 352 3944 int.
365 3891 462 3944 erravit
475 3892 566 3961 legens
579 3893 623 3942 διά
635 3892 713 3944 τοῦτο

204 3976 264 4028 loco
282 3980 326 4028 διὰ
339 3977 439 4028 τούτων
455 3976 470 4028 i.
483 3991 506 4028 e.
530 3973 586 4027 «Et
602 3974 642 4028 his
658 3976 713 4042 (lit-

208 4080 221 4108 κ
231 4060 305 4126 teris)
324 4061 463 4130 quaedam,
483 4073 568 4113 eto».
588 4090 623 4098 -
644 4058 713 4114 Sane

206 4145 287 4199 satius
305 4145 354 4198 erit
373 4157 491 4198 mentem
514 4144 582 4197 lren.
602 4145 713 4197 abscon-

205 4231 288 4282 ditam
306 4229 436 4294 venerari,
461 4246 541 4300 quam
565 4229 607 4282 his
628 4229 711 4282 doctis

767 3133 844 3203 nugis
859 3144 963 3202 tempus
982 3145 1075 3186 terere.

802 3222 846 3288 (1)
878 3218 1037 3289 Unigenitus
1064 3219 1125 3288 (pro
1154 3216 1274 3282 Christo)

769 3309 850 3373 ηιμ-ῃ,
860 3303 932 3356 Deus
945 3319 1008 3355 vero
1019 3301 1153 3355 communi
1170 3301 1276 3371 loquela

769 3387 801 3439 ab
820 3387 946 3440 Hebraeis
967 3392 1055 3486 *pm
1079 3403 1125 3439 seu
1141 3385 1274 3438 «Benedi-

771 3483 851 3524 «ctus
862 3491 875 3520 a
892 3471 973 3524 etiam
997 3471 1077 3523 hodie
1101 3469 1196 3522 dicitur
1215 3467 1273 3538 (cf.

768 3555 833 3608 Luc.
863 3555 882 3620 l,
908 3553 958 3619 68;
987 3553 1058 3608 Rom.
1082 3553 1128 3618 lX,
1150 3556 1185 3620 ς),
1204 3554 1274 3624 quod

768 3651 888 3709 tempore
913 3639 980 3692 Iren.
1002 3657 1083 3710 quum
1109 3638 1201 3691 finales
1219 3655 1274 3690 non

768 3735 901 3776 exstarent
914 3733 990 3795 rm
999 3722 1075 3776 scribi
1090 3723 1193 3784 debuit;
1211 3739 1275 3792 quo-

768 3808 849 3860 modo
878 3820 967 3860 autem
993 3808 1020 3860 in
1039 3807 1079 3860 his
1099 3807 1163 3859 duas
1185 3819 1211 3858 et
1236 3807 1274 3859 di-

767 3892 878 3945 midiam
897 3893 998 3946 litteras
1016 3893 1104 3963 legere
1124 3908 1273 3962 possumus,

767 3977 818 4029 nisi
832 3977 941 4029 dimidia
955 3977 1057 4030 dicatur
1069 3993 1135 4046 quae
1154 3975 1274 4028 vocalem

768 4077 823 4114 non
842 4062 921 4114 habet
940 4077 1036 4131 nempe
1054 4061 1071 4112 d
1088 4061 1116 4113 in
1128 4059 1228 4124 lachid,
1247 4071 1273 4112 et

768 4144 796 4196 cla
813 4162 840 4197 m
856 4143 977 4196 Baruch?
992 4175 1027 4182 -
1041 4143 1071 4196 ln
1085 4143 1212 4214 proximis
1223 4141 1275 4211 fir·

768 4230 889 4282 miora...
905 4234 927 4282 et
945 4229 1028 4282 intell.
1046 4230 1233 4295 κυριώτερα...
1246 4229 1273 4294 ἡ.
