3274 5100
197 487 243 554 (x,
265 487 383 557 2-x11t]
599 491 688 538 tinen
711 491 875 537 secusous
1203 493 1262 558 343

198 682 298 748 larum
323 698 352 747 et
376 684 596 770 quaestionum
621 681 788 749 inferentes
813 681 914 764 nobis,
930 685 963 736 (¹)
986 682 1064 750 bene
1088 684 1163 751 haec
1188 681 1269 750 arbi-

196 790 265 855 trati
291 813 401 855 sumus
425 790 529 876 primo
553 791 744 878 interrogare
761 811 815 856 eos
832 813 848 856 e
866 791 1024 856 contrario
1041 789 1080 857 de
1100 792 1165 856 suis
1188 789 1268 877 dog-

198 894 343 976 matibus,
367 912 398 960 et
417 894 501 984 quod
526 917 591 967 non
615 913 662 961 est
684 895 856 962 verisimile
876 897 1017 982 ipsorum
1042 894 1218 976 ostendere,
1239 913 1268 961 et

197 1003 406 1068 temeritatem
426 1003 568 1089 ipsorum
592 1001 750 1068 excidere:
776 1019 847 1089 post
865 1000 977 1068 deinde
998 1001 1130 1068 Domini
1146 1024 1267 1068 sermo-

199 1131 254 1173 nes
278 1106 402 1183 inferre,
427 1125 460 1173 ut
484 1130 548 1174 non
572 1108 635 1173 sint
654 1123 775 1173 tautum
792 1107 828 1174 ad
846 1107 1087 1196 proponendum
1102 1125 1266 1188 vacantes3

197 1214 250 1281 sed
275 1231 401 1302 propter
422 1213 482 1280 ltoc
506 1213 590 1304 quod
610 1237 674 1292 non
698 1215 819 1302 possint
834 1214 871 1281 ad
889 1239 923 1280 ea
940 1238 1019 1302 quae
1035 1216 1266 1302 interrogantur

197 1322 317 1387 ratione
345 1321 545 1408 respondere,
568 1319 754 1388 dissolutam
783 1344 871 1387 suam
904 1321 1045 1388 videntes
1069 1338 1267 1409 argumenta-

198 1428 328 1504 tionem,
352 1444 405 1492 aut
428 1443 619 1494 revertentes
639 1426 676 1493 ad
700 1428 876 1507 veritatem,
900 1445 929 1493 et
953 1429 1138 1520 semetipsos
1163 1427 1266 1493 humi-

197 1534 317 1616 liantes,
348 1551 378 1599 et
409 1553 566 1601 cessantes
594 1559 611 1600 a
640 1533 808 1602 multifaria
837 1558 892 1601 sua
915 1535 1085 1622 phantasia,
1109 1536 1265 1622 placantes

198 1641 302 1706 Deum
319 1639 358 1706 de
381 1640 431 1706 bis
454 1663 533 1728 quae
557 1638 706 1706 adversus
729 1663 803 1706 eum
820 1639 1125 1728 blasphemaverunt,
1145 1641 1265 1706 salven·

196 1764 260 1813 tur:
281 1763 343 1828 aut,
360 1748 386 1812 si
406 1747 632 1834 perseverarint
651 1748 683 1812 in
703 1771 738 1813 ea
761 1770 840 1834 quae
865 1749 1103 1836 praeoccupavit
1123 1749 1263 1814 animum

198 1855 337 1940 ipsorum
363 1876 441 1920 vana
465 1852 575 1941 gloria,
594 1855 900 1940 argumentationem
926 1877 1016 1920 suam
1039 1855 1220 1922 immutent.
1233 1855 1266 1908 (²)

265 2049 344 2115 Can.
378 2049 449 2116 XII.
519 2050 694 2130 Quouono
729 2069 754 2115 1s
790 2069 895 2116 senno
926 2071 984 2124 Qut
1012 2071 1067 2116 est
1103 2071 1145 2116 na
1175 2071 1265 2116 anta·

197 2175 351 2220 cosrans
375 2175 519 2248 intonuit
547 2174 703 2221 coactura
727 2175 759 2221 tu
785 2139 951 2237 oratorius,
972 2177 1013 2222 Er
1031 2176 1205 2222 secuunuu
1230 2175 1263 2222 tn

197 2283 290 2334 Quon
305 2282 379 2327 etus
391 2283 456 2342 usa,
470 2283 510 2327 er
522 2282 697 2328 secuunuu
713 2283 746 2328 n)
763 2283 856 2336 Quon
874 2283 981 2329 atinus.
1032 2285 1058 2328 1.
1072 2264 1182 2330 Primo
1194 2265 1263 2352 qui-

193 2365 268 2433 dem
292 2367 330 2434 de
353 2366 543 2433 triacontade
567 2369 709 2454 ipsorum
734 2368 778 2433 sic
801 2367 954 2449 dicemus,
991 2369 1169 2434 universam
1192 2391 1262 2434 eam

195 2476 353 2562 utrimque
366 2476 446 2541 mire
457 2473 610 2558 decidere,
622 2473 837 2540 et'secundunr
853 2474 883 2541 id
900 2473 984 2563 quod
1002 2477 1108 2542 minus
1125 2475 1263 2541 habetet

196 2580 369 2647 secundum
389 2579 420 2648 id
434 2581 518 2668 quod
538 2582 626 2669 plus;
641 2581 673 2634 (³)
689 2597 816 2668 propter
834 2605 928 2670 quam
944 2581 1052 2649 dicunt
1068 2584 1194 2670 triginta
1209 2605 1264 2648 an-

196 2711 310 2755 norum
334 2690 514 2756 Dominum
537 2689 574 2756 ad
599 2687 790 2776 baptismum
806 2691 939 2756 venisse.
987 2689 1071 2755 Haec
1095 2707 1200 2756 autem
1216 2689 1264 2757 di-

195 2813 284 2859 cente
319 2793 484 2861 manifesta
520 2795 578 2860 erit
608 2795 772 2861 universae
806 2795 1087 2882 argumentationis
1121 2797 1263 2883 ipsorum

195 2901 327 2967 eversio.
375 2901 413 2968 Et
429 2901 602 2968 seeundum
619 2900 904 2968 deminorationem
918 2899 1045 2989 quidem
1059 2903 1113 2969 sic.
1154 2903 1263 2969 Primo

195 3006 332 3093 quidem,
360 3010 510 3097 quoniam
541 3023 749 3074 annumerant
771 3007 899 3095 reliquis
926 3007 1088 3073 Aeonibus
1113 3009 1264 3097 Propato-

197 3135 273 3179 rem.
322 3115 411 3181 Pater
435 3115 520 3181 enirn
545 3116 691 3180 omnium
715 3115 892 3180 enumerari
916 3137 980 3179 non
1003 3112 1094 3180 debet
1118 3137 1190 3180 cum
1215 3137 1264 3180 re-

195 3220 277 3309 liqua
301 3222 490 3288 emissione:
510 3223 563 3314 qui
584 3240 649 3286 non
673 3236 719 3286 est
743 3221 878 3286 emissus
895 3243 968 3286 cum
992 3243 1027 3286 ea
1046 3243 1125 3308 quae
1148 3221 1262 3286 emissa

230 3375 271 3439 (1)
291 3373 331 3426 De
350 3373 401 3426 hoc
420 3371 610 3427 Gnosticorum
627 3389 702 3426 rnore
793 3373 833 3439 (3)
853 3371 1002 3424 Secundum
1029 3371 1055 3424 id
1081 3373 1150 3443 quod
1176 3373 1263 3426 minus

195 3455 240 3508 clr.
259 3455 342 3510 Otto.
355 3457 372 3509 l.
386 3475 422 3519 c.;
441 3469 466 3510 et
486 3457 553 3510 infra
573 3472 623 3510 xttt
642 3456 701 3522 fin.;
756 3457 844 3520 babet,
869 3456 1014 3509 triacontas
1033 3457 1164 3510 excutitur
1183 3474 1263 3528 usque

195 3554 242 3604 xt',
265 3554 275 3608 3
287 3559 292 3602 ;
313 3555 391 3604 xvnt,
411 3538 435 3592 6.
757 3542 789 3593 ad
803 3541 817 3610 fi
829 3539 860 3604 63
875 3542 1019 3594 secundum
1030 3542 1100 3614 quod
1114 3543 1180 3612 plus,
1190 3543 1262 3596 brevi

231 3627 272 3690 (a)
292 3623 338 3679 Est
351 3637 378 3678 ut
393 3625 466 3678 vides
482 3629 641 3702 ἀνατρρπῆς,
657 3642 702 3678 seu
757 3627 771 3696 g
792 3643 815 3696 7.
853 3627 907 3680 Cur
923 3628 1020 3680 abhoc
1040 3641 1199 3700 argumento
1215 3629 1262 3681 ini-

194 3709 347 3774 eversionis‚
362 3710 547 3780 praesignatio.
584 3709 702 3762 Primam
757 3713 823 3765 tium
843 3711 934 3775 saciat„
949 3713 1030 3780 habes
1043 3713 1070 3765 in
1090 3712 1143 3766 fine
1161 3713 1262 3782 capitis.

195 3807 305 3863 partem,
321 3795 337 3847 i.
353 3811 376 3848 e.
393 3793 644 3865 interrogationibus
657 3811 702 3847 eos
757 3795 944 3867 Inscriptiones
960 3809 1049 3850 autern
1065 3797 1181 3868 capitum
1195 3797 1263 3850 utin

193 3889 342 3942 concutere,
361 3879 530 3949 sequentibus
546 3878 623 3931 huius
643 3877 703 3930 libri
757 3880 833 3932 codd.
862 3880 1026 3946 exhibentur,
1058 3896 1145 3933 rerum
1170 3880 1263 3933 seriem

193 3964 322 4032 capitibus
359 3963 465 4034 implet:
503 3964 623 4026 alteram,
657 3980 702 4016 seu
757 3980 812 4016 non
825 3964 1018 4036 abrumpuntlsi
1032 3976 1060 4017 ut
1073 3965 1264 4017 subdivisiones

191 4047 339 4118 Scripturas
367 4048 419 4101 illis
443 4049 589 4114 contrarias
613 4061 702 4102 osten·
756 4047 853 4117 potius,
864 4048 905 4100 vel
916 4048 1010 4122 melius
1023 4061 1052 4102 ut
1065 4047 1163 4102 indices
1177 4065 1264 4101 rerunt

192 4131 261 4192 dere,
280 4131 363 4184 tribus
384 4131 571 4201 posterioribus
592 4132 702 4202 integris
750 4131 917 4204 ¹notabilium¹
942 4131 1119 4201 accipiantur:
1147 4133 1174 4185 in
1202 4149 1263 4186 mss.

193 4216 265 4266 libris
284 4215 405 4268 absolvit.
758 4233 821 4269 vero
837 4233 910 4287 capp.
927 4216 1175 4270 xt11-xvelliciunt.
1260 4223 1264 4230 “
