3230 5062
384 433 424 497 92
670 431 799 478 IRENAEI
822 433 982 479 ADVERSUS
1005 433 1160 480 HAERESES

1321 431 1378 500 μιν,
1397 446 1453 500 2-3

381 627 420 692 Et
448 625 558 693 decem
582 641 687 691 autem
712 627 837 691 Aeonas
867 626 1010 691 similiter
1036 648 1092 714 per
1122 627 1184 692 iota
1208 624 1342 707 literam,
1364 625 1454 713 quod

380 732 534 821 praecedit
551 732 728 798 innomine
745 733 822 812 eius,
842 731 1009 820 significari
1027 732 1145 800 dicunt.
1192 732 1231 798 Et
1250 748 1374 820 propter
1389 731 1454 798 hoc

380 840 495 907 dixisse
520 839 731 905 Salvatorem:
758 865 774 901 a
789 839 856 904 Iota
875 861 986 921 unum,
1006 856 1057 905 aut
1076 862 1157 904 unus
1181 862 1257 926 apex
1280 863 1344 904 non
1364 861 1456 927 prae-

387 972 402 1008 «
415 947 514 1026 tetiet,
529 945 731 1033 quoadusque
749 947 857 1011 omnia
876 943 951 1012 fiant
962 973 993 1011 ».
1005 947 1038 1001 (¹)

451 1073 480 1138 3.
504 1052 593 1117 Hanc
608 1067 713 1117 autem
729 1053 919 1139 passionem,
935 1075 1014 1140 quae
1029 1054 1110 1118 circa
1129 1051 1352 1119 duodecimum
1367 1055 1454 1119 Aeo-

382 1182 457 1225 nem
482 1157 560 1224 facta
583 1174 640 1237 est,
664 1156 830 1246 significari
854 1157 961 1224 dicunt
984 1181 1038 1246 per
1057 1159 1246 1246 apostasiam
1270 1157 1374 1240 Iudae,
1398 1162 1453 1248 qui

382 1264 588 1333 duodecimus
607 1280 671 1330 erat
687 1264 914 1350 apostolorum,
927 1281 958 1330 et
973 1266 1123 1352 quoniam
1139 1263 1329 1331 duodecimo
1343 1288 1453 1332 mense

278 1446 282 1455 Ι
383 1394 491 1459 passus
520 1371 625 1452 est;(²³
648 1394 711 1436 uno
741 1373 827 1437 enim
856 1395 939 1438 anno
961 1371 1072 1468 volunt
1096 1395 1170 1437 eum
1199 1388 1271 1459 post
1299 1370 1453 1458 baptisma

382 1477 583 1566 praedicasse.
595 1478 628 1530 (³)
663 1477 774 1544 Adhuc
792 1479 885 1544 etiam
899 1480 931 1544 in
946 1501 1071 1566 eaquae
1084 1478 1277 1566 profluvium
1290 1481 1453 1566 sanguinis

381 1583 563 1674 patiebatur,
587 1583 843 1650 manifestissime
867 1586 926 1651 hoc
951 1584 1136 1672 significari:
1169 1583 1335 1652 duodecim
1365 1587 1450 1652 enim

381 1692 469 1757 annis
493 1714 616 1778 passam
640 1714 721 1770 eam,
741 1713 795 1778 per
814 1692 946 1758 Domini
958 1691 991 1744 (4)
1014 1689 1183 1758 adventum
1208 1715 1276 1757 esse
1300 1709 1452 1774 sanatam,

381 1913 435 1968 τοῦ
453 1906 521 1988 ἦτα,
537 1909 605 1980 τοὺς
620 1905 776 1970 δεκαοκτὼ
793 1906 910 1983 atavae
925 1905 1063 1990 εὐσήμως
1080 1906 1260 1991 μηνὺεσθαι.
1307 1906 1371 1970 Καὶ
1385 1911 1453 1981 τοὺς

382 2012 458 2075 δέκα
481 2011 599 2088 Αίωνας
621 2011 762 2088 ὡσαδτως
786 2012 835 2075 διὰ
856 2021 909 2076 τοῦ
933 2013 1006 2075 ἰῶτα
1029 2012 1212 2097 γράμματος,
1238 2015 1255 2076 δ
1278 2021 1453 2096 προηγεῖται

382 2127 435 2180 τοῦ
450 2116 596 2202 ὀνόματος
611 2121 712 2200 αὐτοῦ,
728 2117 931 2200 σημαίνεσθαι
946 2118 1095 2203 λέγουσιν.
1140 2123 1193 2183 καὶ
1208 2120 1256 2183 διὰ
1272 2129 1360 2183 τοῦτο
1375 2119 1454 2204 εἰρη-

382 2224 465 2288 κέναι
483 2228 534 2288 τδν
554 2225 691 2310 Σωτῆρα,
713 2226 816 2288 «ἰῶτα
835 2225 867 2288 ἓν
886 2227 905 2308 ἢ
925 2224 977 2309 μία
996 2226 1104 2309 κεραία
1123 2227 1158 2288 οὐ
1177 2229 1219 2309 μὴ
1234 2225 1377 2310 παρέλθῃ
1396 2228 1454 2303 ἕως

389 2357 404 2393 ο
417 2334 452 2395 ἂν
470 2332 569 2396 πάντα
587 2332 708 2416 γένηται
724 2357 751 2396 ν.

452 2458 480 2522 3.
506 2438 551 2502 Τδ
574 2440 607 2502 δὲ
630 2441 696 2521 περ).
719 2442 769 2504 τδν
793 2437 962 2502 δωδέκατον
986 2437 1090 2502 Αἰῶνα
1111 2441 1235 2523 γεγονὸς
1253 2438 1356 2514 πίθος
1377 2439 1453 2502 ὑπο-

383 2546 584 2630 σημαίνεσθαι
599 2545 721 2630 tepea
736 2547 783 2609 διὰ
797 2556 850 2630 τῆς
865 2545 1052 2623 ἀποοτασίας
1066 2545 1178 2626 Ἰούδα,
1191 2547 1223 2622 ὃς
1235 2546 1405 2623 δωδέκατος
1416 2549 1453 2630 ἡν

383 2663 440 2717 τῶν
463 2650 648 2718 ἀποστόλων.
672 2656 724 2716 καὶ
747 2655 792 2716 δτι
809 2661 851 2736 τῷ
869 2653 1030 2737 δωδεκάτῳ
1054 2654 1124 2737 μηνί
1146 2653 1281 2716 ἔπαθεν·
1329 2654 1452 2736 ἐνωιυτῷ

383 2763 441 2845 γὰρ
465 2759 508 2822 ἐν)
531 2759 684 2844 βούλονται
702 2761 791 2822 αὐτὸν
810 2763 887 2842 μετὰ
903 2762 938 2822 τδ
959 2757 1110 2844 βίπτεσμα
1129 2761 1221 2822 αὐτοῦ
1239 2758 1451 2844 κεκηρυχὲναι.

383 2865 452 2930 'Eat
470 2887 503 2930 τε
522 2866 571 2928 ἐπὶ
589 2876 641 2950 τῆς
657 2865 874 2950 αἱμορροοΰσης
888 2864 1064 2950 σαφέστατα
1079 2873 1166 2928 τοῦτο
1186 2864 1373 2947 δηλοῦσθαι·
1397 2864 1451 2928 δώ·

384 2973 461 3036 δεκα
474 2975 533 3057 γὰρ
549 2973 600 3056 ἔτη
620 2972 782 3035 παθοῦσαν
801 2974 893 3055 αὐτὴν
913 2973 1042 3055 ὑπὸτῆς
1061 2981 1113 3035 τοῦ
1129 2971 1270 3056 Σωτῆρος
1289 2971 1455 3057 παρουσίας

419 3149 461 3216 (r)
479 3147 592 3200 Marmar.
610 3147 643 3211 V,
663 3147 701 3200 18.

421 3235 462 3300 (2)
483 3233 583 3285 Subint.
615 3232 800 3295 «Salvator»,
820 3232 892 3284 cuius

946 3150 1075 3216 (Monaci,
1087 3147 1189 3220 1906)],
1197 3147 1260 3202 Vsu
1268 3151 1455 3216 Bestiarum-

946 3250 992 3286 sert
1014 3235 1052 3296 (in
1072 3233 1126 3288 rot.
1145 3236 1320 3302 commentor.)
1340 3236 1366 3288 id
1386 3235 1454 3288 affir-

384 3334 483 3370 nomen
498 3318 559 3370 ideo
574 3317 706 3369 omittitur
715 3317 775 3386 quia
789 3333 892 3387 semper

384 3401 466 3453 oculis
492 3402 654 3454 obversatur.
699 3401 740 3453 De
768 3402 891 3454 emenda·

383 3486 456 3537 tione
466 3497 552 3538 textus
559 3486 646 3555 graeci
656 3485 733 3536 huius
743 3485 892 3537 difficillimi

384 3571 435 3623 loci
454 3569 499 3622 cfr.
519 3570 648 3622 Druoone
665 3571 692 3622 in
711 3571 751 3622 ed.
772 3570 861 3640 epiph.

420 3655 462 3724 (3)
481 3655 522 3706 De
540 3655 589 3706 lrac
608 3655 732 3724 opinione
756 3655 825 3708 serio
853 3655 891 3706 di-

383 3753 502 3810 sceptant
526 3741 670 3810 nuperrimi
690 3752 809 3793 auctores
829 3740 889 3802 (csr.

384 3826 474 3889 Naue,
492 3825 644 3890 Scuunertr,
661 3825 774 3877 Dauscu
788 3825 815 3877 in
826 3825 890 3876 Bihl.

383 3909 478 3962 Ztschr.
502 3907 634 3978 moa-oo
658 3910 819 3973 zianensi,
843 3909 891 3961 Die

384 3995 473 4047 Douer
486 3995 575 4062 offentl.
584 3994 618 4045 W
617 3995 676 4046 irks.
688 3993 753 4059 Iesu,
763 3995 891 4057 Miinster,

387 4080 465 4150 1907)
477 4091 565 4131 utrum
575 4078 721 4148 Evangelio
731 4079 816 4148 magis
829 4095 891 4131 con-

385 4180 450 4215 sona
461 4164 502 4215 sit.
540 4161 634 4214 Fauor·
648 4163 710 4231 [Die
724 4164 811 4214 Duuer
825 4179 890 4215 usw.

946 3335 1029 3375 mant.
1054 3322 1101 3375 His
1111 3323 1240 3392 sepositis,
1250 3335 1354 3376 constat
1364 3335 1454 3376 tamen

946 3423 1116 3459 communem
1156 3407 1263 3459 triennii
1299 3407 1453 3476 opinionem

946 3502 1007 3544 ante
1020 3491 1162 3543 Eusebium
1177 3508 1232 3543 non
1243 3491 1393 3545 invaluisse.
1421 3491 1454 3544 ir.

946 3575 1000 3645 ipse
1021 3574 1165 3626 decennium
1189 3587 1269 3628 tenet.
1312 3574 1453 3628 Taurum..

945 3676 966 3710 c.
985 3656 1042 3710 Iud.
1062 3673 1091 3727 9;
1110 3657 1297 3710 emunim.
1314 3655 1408 3709 Strom.
1425 3657 1454 3720 13

946 3741 1028 3794 Ome.
1048 3741 1077 3792 de
1087 3743 1169 3812 princ.
1183 3741 1229 3806 IV,
1251 3758 1261 3808 5
1285 3754 1311 3794 et
1327 3741 1372 3794 alii
1385 3742 1453 3812 apud

946 3827 1064 3890 Parntzt,
1086 3826 1154 3878 Diss.
1180 3826 1253 3889 XIX,
1276 3843 1300 3896 p,
1325 3825 1373 3896 189
1396 3843 1452 3896 sqq.

946 3925 1006 3961 cum
1031 3908 1165 3962 Gnosticis
1193 3909 1336 3980 aliquando
1358 3909 1454 3961 sentire

946 3993 1076 4046 videntur.

982 4080 1023 4146 (4)
1043 4079 1092 4130 Hic
1111 4091 1137 4131 et
1157 4079 1252 4148 ubique
1266 4077 1453 4131 Gnosticorum

945 4163 1015 4215 dicta
1033 4161 1193 4226 reseruntur;
1213 4163 1320 4215 restitue
1343 4162 1455 4215 «Salva-
