3238 5090
192 471 552 543 (xxxl1,6-XXX111,1).]
583 476 673 522 trusa
695 475 859 522 secunuus
1192 472 1254 539 405

191 700 206 734 «
222 669 442 738 tendunt>›.<¹)
503 667 606 735 Debet
629 685 734 735 autem
759 667 933 751 seeundum
961 667 1132 734 dictionem
1161 690 1258 756 copu-

187 777 255 858 lari,
279 793 309 843 et
333 799 466 866 sequens
489 799 557 842 esse
581 798 665 842 anno
687 775 754 842 dies
776 775 1002 843 retributionis.
1056 775 1187 841 Dictum
1211 791 1258 841 est

188 887 285 966 enim,
314 906 454 950 «vocare
477 906 595 950 annum
619 884 752 950 Domini
776 901 949 973 acceptum,
969 901 999 950 et
1018 881 1103 950 diem
1126 881 1258 950 retribu-

193 993 316 1059 «tionis
332 1018 360 1058 u.
408 992 491 1058 Bene
514 992 617 1078 itaque
640 991 823 1080 intelligitur
846 1009 970 1081 tempus
987 990 1047 1058 hoc
1067 995 1181 1080 inquo
1201 1014 1258 1057 vo-

189 1118 299 1167 cantur
314 1115 344 1165 et
359 1099 518 1164 salvantur
531 1121 548 1164 a
560 1098 714 1181 Domino,
726 1121 827 1164 annus
839 1099 973 1164 Domini
987 1115 1145 1187 acceptus:
1161 1121 1257 1186 quem

190 1205 388 1295 subsequitur
402 1203 467 1272 dies
483 1203 704 1284 retributionis
717 1203 806 1286 idest,
818 1204 980 1271 iudicium.
1022 1205 1061 1270 Et
1076 1227 1140 1271 non
1152 1204 1257 1270 solum

189 1330 294 1378 autem
318 1334 418 1378 annus
441 1329 567 1399 tempus
590 1311 650 1378 hoc
669 1309 792 1392 dicitur,
816 1309 870 1378 sed
886 1327 917 1377 et
932 1310 997 1378 dies
1021 1313 1212 1392 nominatur,
1228 1327 1257 1377 et

190 1443 206 1485 a
238 1418 400 1508 propheta,
423 1435 452 1484 et
483 1440 500 1484 a
533 1417 649 1483 Paulo:
681 1417 714 1483 in
743 1415 855 1504 quibus
883 1433 914 1484 et
937 1417 1108 1507 Apostolus
1133 1439 1257 1484 memor

192 1527 378 1614 Scripturae‚
402 1525 434 1590 in
458 1525 585 1611 epistola
614 1547 692 1612 quae
725 1540 772 1590 est
802 1521 840 1590 ad
864 1524 1028 1592 Romanos
1052 1526 1112 1591 ait:
1142 1525 1257 1591 «Sicut

194 1661 208 1695 tt
224 1632 376 1719 scriptum
399 1647 464 1697 est:
488 1630 619 1718 Propter
642 1647 672 1696 te
696 1647 798 1698 morte
821 1629 977 1697 afficimur
1000 1647 1064 1698 tota
1086 1629 1147 1713 die,
1167 1631 1259 1698 aesti-

194 1767 209 1801 «
227 1740 303 1804 rituti
319 1760 428 1803 sumus
442 1753 475 1803 ut
489 1760 565 1804 oves
580 1739 748 1804 occisionis
761 1737 823 1802 ».(²l
852 1738 947 1805 Nunc
960 1755 1064 1804 autem
1078 1755 1164 1804 «tota
1177 1736 1227 1805 die
1240 1765 1255 1801 a

192 1867 250 1932 pro
272 1846 361 1911 omni
385 1843 445 1910 hoc
469 1860 611 1931 tempore
634 1843 753 1910 dictum
777 1862 834 1924 est,
851 1845 883 1910 in
900 1868 964 1932 quo
983 1847 1257 1934 persequutionem

192 1953 338 2040 patimur,
362 1968 392 2018 et
415 1967 450 2016 ut
472 1973 549 2017 oves
572 1949 758 2018 occidimur.
805 1951 892 2019 Sicut
915 1975 990 2040 ergo
1014 1950 1079 2019 dies
1098 1952 1174 2018 haec
1193 1974 1259 2018 non

192 2059 276 2125 illam
300 2081 379 2147 quae
397 2060 431 2125 in
444 2079 489 2124 xrr
505 2056 591 2124 horis
606 2056 756 2140 subsistit,
773 2058 936 2146 significat,
953 2058 1006 2126 sed
1022 2082 1119 2125 omne
1134 2075 1258 2147 tempus

192 2168 303 2255 inquo
318 2167 476 2253 patiuntur
491 2183 522 2231 et
537 2164 764 2231 interficiuntur
779 2182 905 2253 propter
918 2165 1083 2234 Christum
1099 2165 1258 2232 credentes

193 2276 239 2354 ei;
271 2275 312 2340 ita
336 2289 366 2339 et
390 2271 451 2338 illic
475 2295 586 2352 annus,
611 2295 676 2339 non
698 2273 753 2360 qui
775 2289 822 2338 est
846 2295 883 2338 ex
906 2272 1071 2340 duodecim
1098 2272 1259 2340 mensibus

192 2378 315 2461 dicitur,
338 2377 391 2446 sed
415 2401 513 2446 omne
534 2377 607 2445 fidei
630 2395 765 2467 tempus,
781 2381 814 2445 in
832 2403 896 2469 quo
919 2379 1078 2448 audientes
1102 2380 1260 2468 praedica-

192 2487 313 2552 tionem
336 2485 466 2552 credunt
489 2485 647 2566 homines,
670 2503 700 2551 et
724 2485 926 2574 acceptabiles
942 2487 1085 2554 Domino
1101 2486 1190 2568 fiunt,
1205 2488 1259 2575 qui

194 2617 226 2660 se
250 2595 277 2660 ei
301 2593 457 2681 copulant.
469 2593 502 2648 (³)

262 2721 290 2786 3.
316 2699 422 2790 [WH.
445 2698 605 2778 XXXIII,
624 2697 666 2788 r].
713 2699 768 2764 Est
784 2717 888 2767 autem
905 2698 995 2767 valde
1011 2699 1168 2784 admirari,
1181 2724 1261 2790 quo

193 2830 266 2873 nam
291 2805 389 2872 modo
408 2804 560 2893 profunda
581 2805 639 2870 Dei
658 2804 856 2872 adinvenisse
876 2830 908 2872 se
926 2806 1075 2888 dicenteS,
1091 2830 1156 2874 non
1175 2830 1262 2873 scru-

193 2914 247 2978 tati
272 2928 344 2978 sunt
367 2913 400 2977 in
422 2910 611 2997 Evangeliis,
634 2911 756 2998 quoties
780 2909 953 2978 secundum
976 2928 1101 3000 tempus
1124 2912 1261 2978 Paschae

194 3020 354 3085 Dominus
370 3034 440 3105 post
456 3015 609 3104 baptisma
625 3015 797 3083 ascenderit
814 3019 846 3083 in
863 3018 1071 3098 Hierusalem,
1088 3018 1261 3085 secundum

194 3123 279 3213 quod
303 3123 401 3188 moris
425 3139 490 3188 erat
513 3120 633 3187 Iudaeis
652 3123 794 3188 exomni
812 3123 950 3210 regione,
967 3123 1054 3188 omni
1071 3146 1165 3204 anuo,
1180 3140 1261 3189 tem-

195 3253 270 3318 pore
298 3229 357 3296 hoc
387 3230 555 3295 convenire
588 3229 619 3293 in
651 3229 858 3310 Hierusalem,
882 3245 912 3296 et
943 3229 1005 3295 illic
1033 3228 1119 3297 diem
1146 3228 1260 3296 festum

195 3337 332 3405 Paschae
349 3333 548 3403 celebrares)
593 3335 631 3401 Et
647 3336 786 3422 primum
801 3333 929 3424 quidem
952 3356 986 3403 ut
1007 3335 1078 3403 iecit
1093 3337 1203 3402 vinum
1223 3357 1261 3402 ex

232 3535 274 3600 (1)
294 3533 393 3586 Iterum
412 3549 444 3584 ex
464 3529 517 3583 iss.
538 3528 572 3595 V,
592 3544 621 3582 12
640 3546 700 3583 cum
757 3530 783 3582 in
803 3529 868 3582 Bibl.
889 3529 984 3584 Ztschr.
1009 3529 1084 3602 1906,
1107 3531 1168 3584 fasc.
1187 3531 1207 3584 l.
1226 3564 1262 3572 -

196 3618 268 3671 Lxx
288 3630 314 3670 et
333 3627 424 3669 contra
444 3615 517 3669 hebr.
537 3631 566 3666 ac
586 3613 665 3684 b'ulg.
756 3614 904 3667 Adnotabis
923 3615 989 3668 iren.
1010 3617 1124 3686 primum
1144 3633 1201 3669 esse
1218 3617 1262 3687 qui

231 3703 275 3772 (2)
295 3701 367 3755 Rom.
386 3698 457 3764 VIII,
483 3697 523 3766 36,
549 3715 581 3752 ex
607 3697 700 3750 Psalm.
756 3697 902 3768 Evangelio
920 3698 1046 3752 Iohannis
1062 3711 1150 3752 utatur
1166 3700 1192 3752 in
1211 3701 1261 3753 hac

195 3785 290 3852 XLIV,
301 3800 342 3852 23.
373 3783 494 3838 Omnino
504 3800 564 3835 cum
575 3783 632 3836 cod.
642 3782 701 3836 Ful·
756 3781 830 3851 gravi
849 3783 1045 3835 controversia:
1068 3784 1139 3836 iuxta
1158 3782 1261 3836 sessu<

196 3873 254 3924 den.
263 3882 355 3924 contra
362 3869 439 3940 Vulg.
449 3869 476 3920 in
483 3869 701 3921 variet.:«morte
756 3865 830 3934 (ibid.
850 3881 925 3936 1903,
941 3883 982 3936 pp.
1002 3880 1042 3931 50,
1062 3867 1123 3933 128)
1140 3866 1195 3936 ipse
1210 3867 1262 3936 pri-

200 3953 376 4008 «afficimur»
398 3965 425 4005 et
446 3958 498 4004 «ut
516 3967 615 4004 oves».
756 3967 816 4002 mus
835 3966 938 4020 quoque
962 3950 1064 4020 estqui
1089 3951 1121 4002 de
1146 3950 1262 4020 pluribus

231 4041 273 4108 (3)
292 4037 346 4091 Ch.
365 4041 411 4101 Εἰς
431 4035 498 4090 inid.
518 4049 549 4102 95
571 4034 617 4088 lin.
756 4035 832 4086 annis
856 4034 926 4086 vitae
944 4033 1044 4087 Christi
1069 4034 1188 4105 publicae
1207 4035 1263 4104 opi·

231 4127 274 4192 (a)
292 4123 333 4176 De
350 4123 401 4176 hoc
420 4121 434 4191 §
456 4120 502 4175 csr.
526 4121 628 4185 Fauna,
652 4119 702 4173 Dr'e
756 4119 864 4172 nionem
876 4119 976 4188 prodat.
1013 4116 1067 4171 Cir.
1087 4130 1113 4171 et
1126 4118 1216 4171 adnot.
1230 4118 1263 4171 ad

196 4205 702 4278 Duueretc.pp.17-27velScuusrnr‚
755 4204 776 4268 Ι,
796 4218 833 4268 ru,
856 4218 878 4270 3,
897 4220 922 4274 p.
941 4217 985 4273 92,
1004 4215 1058 4256 not.
1081 4218 1105 4272 3.
1149 4203 1212 4256 Post
1232 4203 1263 4256 il-

267 4419 322 4460 um.
337 4418 404 4459 ειμι.
420 4417 476 4458 sarr.
492 4417 546 4470 (sa.
563 4417 594 4469 n)
609 4416 648 4457 rn.
1156 4399 1191 4452 26

462 4520 477 4550 ὁ
