3274 5100
376 451 438 517 342
662 449 790 495 lRENAEl
810 447 969 494 ADVERSUS
989 447 1144 494 HAERESES
1259 445 1304 514 [X‚
1322 445 1439 512 3-Xll,t

371 642 465 708 venit.
524 641 637 706 Dicere
667 656 773 707 autem
796 639 835 707 de
862 637 1042 727 enthymesi
1069 641 1188 706 Aeonis
1211 642 1343 706 errantis
1367 663 1443 728 pro-

370 748 463 813 latam
490 748 665 828 materiam,
689 763 719 812 et
750 747 843 834 longe
873 745 1000 836 quidem
1024 747 1168 812 Aeonem
1200 745 1238 812 ab
1261 746 1442 833 enthymesi

371 855 436 920 eius
461 853 685 942 separatannh)
704 869 734 919 et
758 853 849 919 huius
869 875 976 919 rursus
993 854 1172 940 passionem
1191 870 1220 919 et
1236 851 1440 920 affectionem

372 977 457 1026 extra
484 962 584 1047 ipsam
608 958 735 1048 quidem
764 961 830 1026 eius
855 982 922 1025 esse
951 961 1126 1041 materiam,
1151 976 1181 1025 et
1204 957 1384 1026 incredibile
1410 977 1440 1026 et

373 1066 493 1134 fatuum
517 1084 547 1134 et
567 1067 761 1156 impossibile
781 1084 810 1133 et
834 1061 1025 1134 inconstans.

439 1263 518 1330 Can.
542 1263 599 1328 Xl.
658 1261 969 1330 Conanaurcrtones
992 1282 1051 1342 rus,
1075 1283 1133 1336 Qut
1156 1283 1238 1328 sunu
1262 1286 1283 1328 a
1307 1264 1441 1329 Vates-

371 1391 460 1462 ¹Tuto.
511 1391 536 1435 1.
550 1369 588 1435 Et
601 1391 665 1434 non
679 1367 839 1435 credentes
852 1367 979 1456 quidem
991 1370 1142 1456 quoniam
1159 1369 1208 1435 hic
1221 1369 1274 1456 qui
1287 1384 1440 1457 estsuper

371 1478 478 1542 omnia
501 1477 600 1558 Deus,
613 1477 645 1541 in
660 1475 709 1542 his
724 1499 803 1564 quae
819 1491 891 1542 sunt
905 1477 983 1556 eius,
999 1478 1082 1542 uaria
1100 1493 1131 1542 et
1149 1475 1314 1543 dissimilia
1329 1475 1438 1544 Verbo

371 1581 531 1648 fabricavit
561 1579 830 1670 quemadmodum
861 1583 926 1670 ipse
955 1583 1066 1664 voluit,
1096 1606 1192 1670 quum
1227 1584 1267 1649 sit
1290 1584 1438 1649 omnium

370 1689 546 1771 fabricator,
563 1705 597 1755 ut
613 1690 734 1776 sapiens
754 1688 939 1754 architectus
959 1705 989 1754 et
1007 1689 1164 1755 maximus
1183 1711 1252 1771 rex3
1276 1689 1439 1757 credentes

297 1815 300 1824 ’
369 1814 474 1862 auteur
498 1797 648 1884 quoniam
668 1795 780 1882 angeli,
805 1811 856 1860 aut
879 1796 979 1860 virtus
995 1795 1097 1884 aliqua
1114 1812 1251 1884 separata
1267 1819 1284 1861 a
1300 1796 1382 1878 Deo,
1408 1815 1438 1862 et

368 1905 517 1992 ignorans
541 1925 625 1983 eum,
651 1900 723 1968 lecit
745 1902 825 1968 hanc
849 1903 1104 1968 universitatem:
1130 1904 1173 1970 sic
1198 1903 1293 1990 igitur
1312 1905 1435 1969 veritati

368 2032 433 2076 non
458 2007 629 2090 credentes,
653 2010 685 2074 in
709 2006 873 2074 mendacio
888 2017 1002 2074 'autem
1027 2009 1214 2090 volutantes,
1237 2007 1438 2097 perdiderunt

368 2139 480 2203 panem
500 2116 582 2181 vitae
604 2137 707 2196 uerae,
731 2116 763 2180 in
786 2137 949 2181 vacuum
973 2131 1004 2180 et
1027 2117 1059 2180 in
1083 2114 1331 2203 profundum
1355 2141 1438 2183 um-

369 2221 464 2289 brae
487 2221 673 2304 incidentes3
693 2222 813 2288 similes
831 2223 949 2310 Aesopi
969 2224 1038 2288 cani
1057 2223 1157 2312 eiqui
1175 2246 1289 2311 panem
1307 2222 1436 2311 quidem

368 2330 503 2419 reliquit,
527 2331 559 2396 in
582 2328 748 2396 umbram
772 2346 877 2395 autem
901 2330 968 2395 eius
991 2330 1144 2419 impetum
1166 2328 1248 2411 fecit,
1258 2346 1288 2396 et
1303 2329 1436 2418 perdidit

368 2459 483 2502 escam.
495 2437 528 2491 (²)
573 2436 612 2502 Et
627 2460 663 2500 ex
679 2437 755 2522 ipsis
771 2454 876 2502 autem
893 2435 1025 2502 Domini
1042 2435 1145 2502 uerbis
1162 2435 1251 2502 facile
1266 2453 1312 2502 est
1329 2455 1436 2503 osten-

358 2541 652 2624 -dere,‘confiteutis
675 2566 774 2608 unum
795 2543 920 2608 Patrem
944 2559 973 2608 et
998 2542 1150 2610 factorem
1166 2542 1277 2610 mundi
1300 2560 1330 2610 et
1353 2545 1436 2632 plas-

367 2665 524 2714 matorem
547 2647 696 2730 hominis,
720 2648 773 2734 qui
796 2670 813 2712 a
838 2647 905 2734 lege
929 2663 959 2712 et
982 2647 1141 2737 prophetis
1161 2650 1360 2715 annuntiatus
1384 2651 1435 2730 sir,

367 2771 396 2820 et
420 2754 551 2820 alterum
576 2755 755 2836 nescientis,
770 2771 801 2820 et
823 2753 907 2819 hunc
930 2776 998 2820 esse
1023 2777 1115 2842 super
1138 2757 1246 2822 omnia
1265 2755 1436 2822 Deum:(³)

366 2859 506 2928 docentis
530 2878 646 2942 autem,
668 2880 697 2928 et
721 2883 774 2948 per
799 2884 831 2926 se
855 2883 925 2926 earn
944 2883 1022 2949 quae
1040 2879 1086 2926 est
1102 2860 1139 2928 ad
1158 2863 1283 2928 Patrem
1307 2861 1435 2950 adoptio

366 2970 516 3054 filiorum,
533 2993 611 3058 quae
626 2987 672 3035 est
689 2985 811 3036 aeterna
826 2969 900 3048 vita,
918 2967 1066 3034 omnibus
1083 2971 1172 3036 iustis
1189 2969 1435 3037 attribuentis.(⁰

434 3098 463 3143 2.
488 3076 549 3143 Sed
572 3078 723 3164 quoniam
747 3091 853 3142 amant
880 3075 1033 3156 incusare,
1057 3093 1086 3143 et
1110 3100 1144 3143 ea
1168 3100 1246 3165 quae
1271 3093 1342 3142 sunt
1365 3079 1434 3142 sine

366 3184 533 3266 calumnia,
557 3201 590 3249 ut
614 3183 801 3250 calumniosi
829 3183 1021 3270 concutiunt,
1046 3182 1279 3250 multitudinem
1303 3181 1435 3271 parabo-

401 3337 443 3404 (1)
463 3334 631 3388 Fenrininum
650 3335 692 3387 hic
708 3347 811 3387 tantum
828 3351 871 3386 oc·
901 3375 903 3384 .
962 3335 1003 3402 (2)
1026 3333 1080 3388 Cl‘r.
1109 3352 1213 3408 prorsus
1242 3335 1333 3388 eadem
1363 3337 1433 3404 apud

306 3465 308 3470 .
366 3421 455 3484 currit,
465 3432 543 3490 arque
554 3419 781 3488 sacileexplicatur
791 3435 871 3488 quum
926 3417 1147 3472 Eunuchum».
1167 3418 1259 3488 [Haer.
1275 3419 1354 3488 Xll],
1375 3435 1395 3472 1.

367 3505 443 3557 Aeon
474 3505 507 3556 sit
538 3503 652 3576 Sophia;
684 3503 746 3555 hinc
780 3515 871 3556 tamen
961 3505 1003 3570 (ς)
1023 3502 1076 3555 Cfr.
1095 3520 1121 3556 v.
1139 3501 1231 3573 g.·1v,
1249 3517 1287 3568 vr,
1305 3518 1328 3555 1.

366 3606 420 3641 non
434 3589 544 3640 dixerim
559 3605 619 3640 cum
638 3587 768 3640 Massue'r
787 3587 870 3657 aliisq.
962 3589 1003 3654 (4)
1022 3585 1076 3639 Clr.
1095 3587 1175 3639 loau.
1189 3587 1210 3651 l,
1229 3601 1273 3648 12;
1286 3585 1433 3650 noratur,

365 3673 535 3742 interpretem
546 3671 693 3742 promiscue
701 3672 807 3724 Aeonas
815 3688 871 3722 ma·
930 3685 957 3736 15
969 3671 1027 3742 llll.
1038 3671 1057 3734 l,
1068 3669 1097 3740 6)
1108 3683 1132 3724 et
1143 3674 1190 3735 Εἰς
1200 3669 1267 3724 ertio.
1278 3671 1303 3723 8.
1340 3692 1352 3720 a
1360 3671 1433 3724 Deus

364 3757 450 3809 sculos
478 3754 623 3808 feminasve
648 3756 778 3826 accipere:
807 3755 870 3807 Aeo·
928 3755 1082 3819 «omnium,
1098 3755 1254 3808 ludaeomm
1275 3755 1380 3825 quidem
1406 3767 1433 3808 et

365 3843 403 3892 nis
425 3857 490 3893 vero
511 3857 558 3910 pro
580 3841 715 3892 Aeonibus
739 3841 766 3892 in
792 3840 868 3893 codd.
929 3860 942 3888 a
953 3839 1128 3904 ethnicorum,
1139 3839 1205 3892 sicut
1216 3851 1240 3892 et
1252 3839 1432 3892 credentium:

364 3923 439 3977 facile
458 3941 489 3977 ex
509 3923 668 3994 compendio
684 3925 802 3976 Auoutu.
824 3924 870 3976 ha-
928 3924 1116 3976 «credentium
1141 3935 1230 3978 autem
1253 3924 1325 3976 velut
1344 3923 1433 3988 Pater,

364 4010 418 4062 beri
437 4009 530 4082 potuit,
550 4025 615 4080 quae
634 4008 783 4078 deturpatio
798 4021 824 4062 et
843 4010 870 4062 in
929 4009 1077 4079 «quoniam
1089 4009 1117 4061 in
1130 4007 1255 4062 extremis
1268 4009 1433 4078 temporibus

355 4094 586 4146 aliisnominibus
599 4093 729 4146 occurrit.
766 4091 820 4146 Csr.
837 4093 869 4146 de
927 4093 1118 4163 «evangelium
1153 4092 1302 4163 adoptionis
1335 4092 1433 4160 (Kind-

364 4178 473 4230 caeteris
492 4177 559 4230 inlra
578 4195 601 4230 c.
617 4193 694 4230 nuru.
928 4176 1049 4245 ascbah)
1070 4177 1230 4231 revelavit».
