3274 5100
377 505 439 588 382
663 523 790 569 trenam
814 523 973 570 aot'easus
998 523 1152 569 sacenses
1257 519 1353 590 [avla
1373 521 1448 572 8-10

373 718 517 805 passione
541 717 700 797 cecidisse,
724 734 755 783 et
773 717 869 782 talem
894 717 1105 804 ignorantiam
1126 717 1318 803 concepisse.
1365 716 1446 781 Pos-

373 821 462 889 sibile
490 840 537 889 est
565 839 681 904 autem,
710 847 778 890 eam
813 839 962 911 quaeest
994 822 1204 889 aValentino
1239 823 1444 910 Sapientiam,

371 952 470 1017 quum
495 931 534 996 sit
557 930 596 997 de
618 928 733 997 diaboli
758 930 939 1010 emissione,
964 931 995 996 in
1020 931 1110 997 omui
1134 930 1279 1016 passione
1310 927 1389 1006 fieri,
1414 946 1445 994 et

372 1035 565 1124 profundum
585 1038 778 1124 ignorantiae
793 1035 987 1103 fructificare.
1035 1036 1097 1104 Ubi
1118 1037 1203 1102 enim
1224 1036 1281 1124 ipsi
1298 1036 1444 1101 testimo-

372 1144 461 1208 nium
478 1141 641 1230 perhibent
663 1140 701 1209 de
726 1160 824 1209 matre
847 1166 912 1222 sua,
931 1143 1069 1210 dicentes
1088 1166 1159 1210 eam
1175 1143 1293 1208 Aeonis
1310 1142 1443 1207 errantis

372 1251 608 1336 generationem
632 1273 711 1330 esse,
735 1251 798 1317 iam
823 1273 887 1316 non
911 1272 1059 1337 quaerere
1075 1265 1200 1337 oportet
1214 1271 1352 1328 causam,
1369 1270 1445 1335 pro-

372 1373 440 1444 pter
462 1379 557 1445 quam
576 1354 630 1421 filii
648 1356 829 1423 huiusmodi
845 1357 965 1439 matris,
982 1357 1175 1444 ignorantiae
1195 1379 1318 1444 semper
1334 1373 1443 1420 natent

371 1465 405 1529 iu
427 1461 600 1550 profundo!

441 1590 471 1654 9.
496 1568 599 1659 [WH.
629 1570 740 1649 XXII,
768 1569 812 1660 5].
870 1571 996 1636 Praeter
1031 1569 1086 1636 lras
1119 1588 1224 1635 autem
1255 1570 1444 1636 emissiones

373 1700 433 1764 ego
456 1675 584 1764 quidem
609 1677 672 1742 iam
696 1699 761 1742 non
792 1675 933 1764 intelligo
956 1677 1086 1743 alteram
1110 1699 1202 1763 posse
1234 1698 1289 1741 eos
1319 1675 1443 1755 dicere;

373 1780 426 1848 sed
445 1806 484 1848 ne
503 1783 561 1868 ipsi
575 1780 702 1870 quidem
719 1783 849 1848 alteram
864 1781 1035 1868 quamdam
1052 1781 1274 1868 proprietatem
1290 1782 1442 1847 emissam

372 1887 535 1956 reddentes
558 1887 734 1975 aliquando,
759 1889 877 1976 cogniti
902 1905 973 1954 sunt
993 1887 1095 1969 nobis,
1115 1888 1186 1954 licet
1203 1887 1292 1954 valde
1309 1889 1444 1956 multam

372 1995 410 2061 de
434 1995 615 2061 huiusmodi
640 1993 800 2083 speciebus
824 1997 1042 2082 quaestionem
1062 1994 1263 2061 habuerimus
1280 2019 1352 2062 cum
1378 1997 1444 2062 eis:

373 2102 433 2168 hoc
458 2117 562 2168 autem
580 2102 684 2167 solum
703 2100 820 2182 dicunt,
836 2103 986 2188 quoniam
1006 2103 1114 2168 emissi
1138 2118 1210 2167 sunt
1230 2103 1444 2190 unusquisque

374 2209 513 2289 illorum,
534 2226 564 2275 et
583 2209 672 2274 illum
693 2225 816 2274 tantum
832 2211 1021 2296 cognovisse
1035 2210 1087 2296 qui
1110 2233 1142 2274 se
1158 2209 1273 2290 emisit,
1292 2210 1445 2297 ignorans

374 2332 478 2381 autem
503 2339 576 2381 eum
599 2317 652 2404 qui
676 2333 747 2381 ante
777 2315 866 2381 illum
894 2316 984 2380 est.(¹)
1041 2316 1107 2381 lam
1139 2339 1203 2381 non
1235 2333 1339 2380 autem
1368 2338 1444 2380 cum

373 2424 554 2487 ostensione
573 2422 825 2509 progrediuntur,
848 2419 1117 2510 quemadmodum
1143 2423 1250 2487 emissi
1282 2438 1364 2502 sunt,
1388 2439 1445 2487 aut

372 2527 536 2616 quomodo
560 2530 640 2615 capit
663 2528 723 2594 tale
745 2526 820 2615 quid
844 2528 876 2594 in
900 2527 1086 2615 spiritalibus
1105 2527 1183 2594 fieri.
1231 2528 1444 2616 Quacumque

374 2636 459 2700 enim
472 2635 628 2722 progressi
643 2633 768 2715 fuerint,
782 2632 1055 2722 obligabuntur,(²l
1070 2651 1100 2700 et
1116 2658 1133 2700 a
1146 2649 1228 2700 recta
1238 2635 1357 2700 ratione
1372 2657 1445 2700 cae-

373 2743 524 2807 cutientes
548 2743 628 2806 circa
652 2742 817 2807 veritatem
843 2743 874 2806 in
897 2757 1032 2821 tantum,
1055 2742 1100 2807 uti
1117 2764 1190 2807 eum
1210 2742 1264 2828 qui
1287 2757 1335 2806 est
1358 2742 1443 2807 aNu

374 2850 555 2936 l'ropatoris
569 2850 711 2935 ipsorum
728 2848 863 2913 emissus
880 2849 1004 2928 Sermo,
1020 2849 1052 2913 in
1068 2846 1351 2914 deminorationem
1368 2871 1442 2914 eum

373 2956 526 3020 emissum
551 2951 664 3020 dicant,
717 2955 791 3021 Nun
821 2955 906 3019 enim
938 2952 1110 3041 perfectum
1135 2977 1151 3020 a
1175 2952 1312 3042 perlecto
1338 2954 1443 3040 Bytho

373 3077 624 3148 progeneratum,
649 3061 711 3125 iam
735 3083 800 3125 non
823 3062 963 3147 potuisse
986 3083 1056 3126 eam
1074 3083 1153 3154 quae
1172 3084 1209 3126 ex
1226 3084 1264 3126 eo
1280 3077 1326 3127 est
1346 3063 1444 3127 emis-

374 3170 496 3233 sionem
521 3167 621 3233 facere
645 3166 826 3253 perfectam,
851 3165 905 3232 sed
924 3165 1123 3234 obcaecatam
1143 3169 1224 3234 circa
1244 3169 1442 3256 agnitionem

373 3291 403 3339 et
428 3271 678 3360 magnitudinem
695 3275 810 3339 Patris:
831 3291 861 3340 et
880 3273 1077 3340 Salvatorem
1091 3273 1276 3360 symbolum
1296 3277 1442 3360 mysterii

374 3380 466 3445 lanius
489 3379 663 3445 ostendisse
682 3380 714 3443 in
733 3401 771 3444 eo
790 3381 844 3466 qui
863 3402 880 3444 a
896 3380 1056 3446 nativitate
1073 3403 1183 3446 caecus
1200 3379 1268 3460 fuit,
1287 3381 1441 3468 quoniam

373 3489 417 3552 sic
431 3509 540 3552 caecus
553 3488 688 3551 emissus
701 3504 748 3552 est
760 3509 776 3551 a
789 3487 971 3573 Monogene
987 3489 1089 3566 Aeon,
1106 3484 1136 3552 id
1149 3504 1196 3553 est
1208 3489 1443 3574 ignorantiam)

373 3593 583 3680 ignorantiam
607 3609 637 3656 et
669 3592 849 3658 caecitatem
878 3593 1140 3658 commentientes
1164 3593 1271 3660 Verbo
1298 3595 1369 3674 Dei,
1393 3617 1445 3661 se·

373 3696 509 3764 condam
532 3695 706 3763 secundum
730 3721 785 3762 eos
818 3720 835 3762 a
864 3699 1035 3785 Propatore
1067 3699 1271 3765 emissionem
1305 3698 1442 3766 habenti.

373 3802 581 3871 Admirabiles
606 3803 773 3892 sophistae,
797 3821 827 3870 et
850 3803 1027 3871 altitudines
1051 3806 1273 3892 investigantes
1289 3807 1443 3894 incogniti

373 3913 483 3992 Patris,
508 3927 538 3976 et
562 3911 798 3998 supercaelestia
827 3927 1021 3977 sacramenta
1049 3929 1238 3993 enarrantes,
1275 3913 1334 3979 ain
1362 3937 1444 4002 quae

409 4161 451 4231 (1)
472 4161 526 4216 Cir.
546 4163 644 4228 l‚x1v‚
667 4179 687 4216 1.
971 4167 1012 4232 (3)
1031 4163 1199 4218 H.e.:caecus
1210 4165 1313 4228 dicitur,
1322 4167 1357 4220 ob
1367 4166 1444 4236 igno·

408 4250 450 4316 (2)
471 4249 489 4300 l.
500 4265 522 4301 e.
534 4249 614 4300 veluti
628 4248 726 4302 retibus
737 4248 880 4318 capientur.
936 4249 1063 4313 tantiam3
1082 4248 1127 4302 clr.
1147 4249 1192 4302 fin.
1212 4249 1288 4303 huius
1307 4250 1329 4319 5.
