3274 5100
392 473 453 555 328
678 491 807 536 inanior
831 492 990 540 nuvensus
1015 490 1170 538 naereses
1258 489 1457 558 [V1‚3-V11‚2

388 707 480 773 super
503 685 661 764 caelos‚(¹)
685 707 875 773 cognoscere
898 709 1034 774 eaquae
1058 686 1127 773 ipsi,
1143 707 1241 774 quum
1262 687 1324 751 sint
1347 687 1378 752 in
1398 687 1458 752 hu·

388 791 524 872 milibus,
535 794 647 858 sciunt.
682 793 753 859 Nisi
769 791 848 858 forte
868 791 925 858 sub
941 809 1021 858 terra
1037 793 1069 857 in
1083 791 1219 858 Tartaro
1235 815 1303 858 esse
1314 793 1456 879 Bythum

387 921 480 965 suum
495 898 613 978 dicunt,
624 915 811 985 quapropter
827 915 857 963 et
873 898 992 985 primos
1009 921 1042 963 se
1057 898 1246 984 cognovisse
1262 919 1346 976 eum,
1357 921 1454 986 quarn

387 1005 417 1071 hi
444 1007 497 1093 qui
526 1007 559 1072 in
585 1004 745 1072 altitudine
773 1003 911 1070 habitant
935 1003 1055 1090 angeli3
1083 1003 1116 1068 in
1138 1019 1258 1069 tantam
1282 1005 1455 1070 amentiam

385 1113 555 1194 venientes,
580 1114 624 1179 uti
647 1110 828 1178 dementem
852 1112 1053 1198 pronuntient
1077 1109 1187 1177 mundi
1214 1109 1455 1178 fabricatorem:

384 1241 521 1306 quorum
540 1242 613 1285 vere
635 1217 763 1307 quidem
787 1234 833 1284 est
856 1219 1008 1298 misereri,
1023 1241 1120 1305 quum
1145 1219 1177 1283 in
1196 1233 1279 1283 tanta
1296 1216 1455 1284 dementia

384 1325 497 1405 dicant,
521 1349 621 1414 neque
652 1342 786 1392 matrem
817 1326 983 1411 agnovisse
1009 1347 1094 1404 eum,
1118 1347 1218 1413 neque
1242 1347 1350 1391 semen
1374 1327 1455 1406 eins,

385 1455 485 1521 neque
517 1432 662 1499 Pleroma
692 1433 849 1510 Aeonum,
873 1454 974 1519 neque
1005 1431 1222 1519 Propatorem,
1246 1454 1346 1520 neque
1376 1431 1453 1520 quid

384 1555 488 1603 essent
509 1561 587 1626 quae
619 1536 797 1618 fabricavit;
825 1560 892 1603 esse
920 1553 1025 1603 autem
1049 1537 1202 1624 imagines
1226 1559 1348 1618 eorum,
1373 1561 1454 1625 quae

384 1645 463 1710 intra
494 1645 640 1711 Pleroma
664 1661 745 1724 sunt,
770 1643 901 1710 latenter
924 1643 1085 1711 Salvatore
1107 1660 1236 1732 operato
1260 1645 1304 1709 sic
1328 1643 1395 1709 fieri
1420 1645 1453 1710 in

382 1751 538 1818 honorem
562 1773 672 1817 eorum
696 1753 750 1839 qui
773 1773 899 1816 sursum
924 1750 1051 1816 sunt.(²)

450 1965 528 2031 Can.
553 1965 624 2031 Vll.
666 1963 770 2056 [WH.
793 1963 847 2054 V].
896 1965 1060 2032 Osreusro
1084 1986 1153 2030 nou
1179 1985 1247 2030 esse
1270 1986 1336 2030 unu
1360 1987 1453 2039 Quat-2

382 2091 436 2136 esc
451 2091 625 2136 secunaum
643 2092 703 2137 uos
718 2091 913 2138 enascuntur
929 2071 1310 2136 pommeranorum
1325 2091 1451 2152 nortun,

381 2197 491 2250 saone
503 2177 706 2244 Demunoun
719 2179 905 2245 Umceum.
935 2199 961 2243 1.
974 2178 1142 2266 ignorante
1157 2179 1260 2265 itaque
1272 2178 1451 2266 Demiurgo

380 2285 534 2366 uniuersa,
559 2285 753 2351 Salvatorem
780 2284 888 2352 dicunt
915 2283 1088 2350 honorasse
1112 2283 1258 2350 Pleroma
1284 2285 1315 2349 in
1338 2283 1451 2350 condi-

380 2393 465 2456 tione
497 2414 550 2478 per
581 2409 726 2472 matrem,
750 2391 970 2458 similitudines
1001 2407 1031 2456 et
1055 2392 1208 2478 imagines
1232 2413 1344 2456 eorum
1368 2413 1450 2479 quae

380 2519 504 2562 sursum
525 2513 597 2563 sunt
615 2499 822 2564 emittentem.
862 2497 922 2564 Sed
937 2497 1086 2584 quoniam
1104 2495 1232 2584 quidem
1252 2495 1450 2584 impossibile

379 2619 453 2684 erat,
477 2621 590 2670 extra
621 2606 767 2671 Pleroma
791 2629 858 2671 esse
878 2603 1002 2692 aliquid,
1027 2606 1059 2671 in
1082 2627 1146 2693 quo
1166 2605 1320 2692 imagines
1339 2603 1449 2671 dicunt

379 2710 473 2777 factas
488 2735 555 2778 esse
572 2734 682 2778 eorum
698 2715 752 2800 qui
769 2729 841 2778 sunt
857 2714 935 2779 intra
949 2711 1106 2789 Pleroma,
1118 2711 1168 2777 vel
1181 2709 1218 2776 ab
1232 2710 1293 2777 alio
1307 2711 1448 2798 quodam

378 2835 498 2905 praeter
517 2819 655 2906 primurn
672 2819 776 2885 Deum
793 2818 934 2884 fabricari
955 2817 1036 2883 hunc
1054 2816 1219 2896 mundum,
1238 2816 1447 2884 ostendimus.

378 2925 410 2990 Si
434 2941 538 2990 autern
564 2948 658 2990 suave
682 2943 728 2991 est
753 2925 887 3013 undique
911 2941 1049 2990 evertere
1073 2945 1138 3005 eos,
1158 2939 1188 2989 et
1208 2923 1375 2990 mendaces
1398 2947 1448 2991 ar-

376 3053 481 3116 guere,
500 3028 641 3096 dicemus
658 3031 806 3098 adversus
822 3054 887 3112 eos,
903 3032 1053 3118 quoniam
1071 3033 1096 3096 si
1113 3032 1145 3096 in
1161 3031 1316 3097 honorem
1333 3052 1445 3096 eorum

376 3161 454 3225 quae
478 3162 603 3204 sursum
627 3155 709 3218 sunt,
730 3138 808 3205 facta
831 3157 902 3204 sunt
927 3139 1002 3204 haec
1026 3137 1199 3205 secundum
1219 3139 1345 3204 illorum
1366 3139 1446 3204 ima·

376 3246 483 3331 ginem
507 3269 522 3310 a
548 3246 718 3326 Salvatore,
742 3268 867 3332 semper
897 3269 931 3310 ea
963 3263 1085 3333 oportet
1113 3267 1321 3333 perseverare,
1345 3246 1389 3310 uti
1415 3262 1446 3310 et

377 3375 499 3439 semper
515 3353 576 3417 sint
591 3354 623 3418 in
640 3352 770 3432 honore,
786 3375 864 3439 quae
881 3368 953 3417 sunt
969 3351 1130 3420 honorata.
1177 3351 1210 3417 Si
1223 3368 1328 3417 autem
1343 3368 1446 3417 trans-

376 3474 460 3538 eunt,
487 3482 565 3546 quae
590 3459 704 3524 utilitas
723 3458 816 3524 huius
840 3457 1017 3524 brevissimi
1042 3459 1195 3546 temporis
1223 3458 1362 3538 honoris,
1389 3460 1444 3545 qui

375 3564 541 3652 aliquando
563 3565 688 3652 quidem
713 3589 778 3631 non
798 3565 865 3645 fuit,
881 3589 987 3632 rursus
1007 3581 1110 3632 autem
1131 3587 1196 3631 non
1215 3565 1295 3630 erit?
1335 3565 1445 3630 Vanae

411 3799 515 3866 (rlCsr.
527 3799 633 3869 l‚12,p.
649 3815 696 3870 109
710 3800 880 3870 etl⁷,p.111.
937 3803 1088 3855 «Deum...
1113 3801 1250 3871 accipere?
1277 3800 1376 3853 Forsan
1402 3819 1444 3853 sa-

375 3889 463 3937 Οἰκεῐν
474 3924 479 3937 .
491 3925 515 3940 ..
533 3889 578 3937 τὸν
598 3889 758 3952 Δημιουργὸν
778 3891 815 3949 εἰς
835 3891 879 3938 τὸν
937 3887 1058 3956 «pientia
1079 3887 1153 3938 nohis
1170 3886 1345 3956 praestantior
1361 3903 1443 3955 quarn

374 3972 527 4034 ἐπουράνιον
554 3973 644 4023 τόπον.
680 3969 733 4022 Cl'r.
762 3971 878 4022 Piorm.
936 3972 1010 4024 «illis
1031 3972 1123 4024 adest?
1159 3971 1194 4023 At
1213 3971 1264 4023 hoc
1284 3987 1364 4023 nemo
1383 3987 1442 4022 um-

374 4055 390 4104 l.
409 4070 431 4106 c.
451 4053 479 4106 8:
503 4053 663 4106 «Praeterea
674 4055 735 4126 quid
747 4067 818 4107 vetat
832 4055 878 4107 Su·
935 4077 948 4106 a
958 4055 1442 4128 quamnisiinsanusadmiseritetca.

377 4155 484 4206 «peras,
512 4139 556 4208 qui
581 4140 608 4191 in
633 4151 759 4209 perpetuo
786 4140 879 4191 vivunt
968 4143 1010 4209 (2)
1030 4139 1131 4194 Graece
1150 4139 1203 4193 fere
1226 4139 1292 4194 haec
1317 4138 1442 4209 legimus,

376 4225 464 4290 «otiu,
498 4225 644 4296 intelligere
676 4238 755 4296 atque
790 4240 879 4278 mente
933 4225 952 4290 Ι,
972 4240 999 4290 ν,
1021 4243 1063 4296 ρρ.
1086 4223 1214 4292 rod-107.
