3288 5060
327 471 391 537 234
614 471 743 520 lRENAEl
766 472 926 518 ADVERSUS
948 472 1103 518 Haemus
1238 470 1323 541 [XXL
1345 487 1397 526 1-2.

325 665 411 747 citer,
434 687 535 752 neque
559 687 623 732 uno
642 685 789 732 sermone
808 662 1007 732 referendum
1033 681 1097 732 est:
1121 665 1271 754 quoniam
1296 689 1397 732 unus-

323 771 454 860 quisque
472 771 610 850 illorum‚
638 770 909 859 quemadmodum
934 773 994 860 ipsi
1020 772 1142 853 volunt,
1160 771 1286 838 tradunt
1310 795 1394 840 eam.

325 879 445 960 Quanti
468 878 554 946 enim
578 894 650 946 sunt
672 877 854 946 huiusmodi
880 880 1049 946 sententiae
1073 881 1200 967 mystici
1228 881 1393 964 antistites,

324 1000 372 1052 tot
386 1001 460 1052 sunt
471 999 502 1052 et
518 982 758 1071 redemptiones.
792 983 831 1052 Et
843 986 915 1072 quia
931 983 969 1051 ad
981 987 1181 1073 negationem
1198 984 1395 1073 baptismatis

324 1093 391 1158 eius
413 1113 492 1180 quae
515 1106 562 1157 est
584 1091 616 1156 in
639 1091 746 1157 Deum
764 1091 1019 1180 regenerationis,
1030 1092 1064 1145 (¹)
1085 1109 1116 1158 et
1135 1093 1300 1160 universae
1318 1091 1391 1161 fidei

324 1195 581 1278 destructionem,
612 1198 743 1264 remissa
753 1197 787 1252 (²)
812 1215 860 1265 est
890 1199 1008 1286 species
1039 1199 1114 1265 haec
1147 1221 1164 1265 a
1196 1199 1318 1280 Saarna,
1342 1223 1396 1266 ar-

324 1320 455 1392 guentes
473 1327 528 1370 eos
546 1301 718 1370 referemus
738 1305 848 1392 aptiori
868 1303 949 1371 loco.

393 1431 422 1477 2.
440 1411 557 1477 Dicunt
572 1427 676 1477 autem
692 1433 763 1478 eam
779 1412 988 1478 necessariam
1002 1434 1071 1477 esse
1087 1411 1135 1478 his
1149 1413 1203 1499 qui
1219 1412 1390 1500 perfectam

324 1519 517 1607 agnitionem
547 1535 741 1606 acceperunt,
769 1535 803 1584 ut
831 1519 863 1584 in
893 1540 963 1584 eam
985 1541 1064 1606 quae
1095 1534 1141 1585 est
1165 1519 1391 1605 superomnia

324 1628 433 1706 virtus,
457 1626 518 1692 sint
542 1626 723 1714 regenerati.
770 1625 871 1692 Aliter
889 1625 973 1692 enim
995 1623 1086 1690 nobis
1105 1624 1301 1712 impossibile
1320 1648 1394 1693 esse

323 1734 403 1799 intra
416 1732 562 1799 Pleroma
574 1733 713 1813 introire,
727 1732 879 1819 quoniam
897 1730 973 1797 haec
992 1747 1039 1796 est
1053 1754 1133 1819 quae
1149 1732 1181 1798 in
1198 1729 1390 1820 profundum

324 1840 419 1928 Bythi
429 1839 462 1893 (³)
476 1837 611 1922 deducit,
627 1837 801 1906 secundum
818 1860 883 1904 eos.
931 1836 969 1904 Et
985 1835 1137 1925 baptisma
1152 1835 1281 1925 quidem
1299 1861 1393 1926 appa·

323 1945 538 2014 rentislesutu
550 1947 582 2012 in
595 1947 815 2012 remissionem
827 1967 895 2011 esse
908 1961 1119 2032 peccatorum,
1138 1942 1389 2033 redemptionem

324 2163 382 2245 οὐχ
394 2157 497 2235 ἁπλῶς
516 2160 585 2222 οὐδὲ
599 2159 641 2222 ἑνὶ
655 2155 738 2243 λόγῳ
755 2157 942 2242 ἀπαγγεῖλαι
959 2159 1041 2222 ἔστι·
1061 2159 1109 2222 διὰ
1130 2162 1165 2222 τὸ
1184 2160 1239 2222 ἕνα
1260 2160 1391 2222 ἕκαστον
1497 2229 1501 2236 ,

324 2267 431 2348 αὐτῶν,
453 2264 560 2341 καθὼς
578 2265 662 2328 αὐτοὶ
680 2262 846 2350 βούλονται,
865 2260 1059 2347 παραδιδόναι
1077 2263 1179 2348 αὐτήν.
1226 2263 1319 2328 Ὅσοι
1332 2263 1392 2348 γάρ

324 2373 381 2438 εἰσι
390 2371 500 2456 ’ταΰτης
514 2380 567 2455 τῆς
582 2370 704 2456 γνώμης
718 2372 920 2454 μυσταγωγολ,
935 2378 1079 2434 τοσαῦται
1092 2373 1145 2433 καὶ
1156 2369 1390 2454 ἀπολυτρώσεις.

325 2480 388 2545 Καὶ
405 2481 450 2542 ὅτι
468 2481 521 2564 μὲν
540 2478 582 2556 εἰς
603 2476 759 2563 ἑξάρνιγσιν
780 2486 833 2542 τοῦ
856 2475 1058 2562 βαπτίσματος
1079 2487 1132 2562 τῆς
1154 2479 1196 2553 εἰς
1219 2475 1298 2543 Θεὸν
1320 2479 1393 2541 ἀνα-

324 2587 499 2673 γεννήσεως,
514 2590 567 2651 καὶ
578 2587 677 2671 πάσης
688 2596 740 2670 τῆς
751 2585 878 2662 adorem
891 2585 1041 2650 ἀπόθεσιν
1054 2584 1253 2671 ὑποβέβληται
1265 2588 1299 2649 τὸ
1310 2585 1391 2662 εἶδος

322 2704 410 2759 τοῦτο
429 2695 487 2758 ὑπὸ
505 2701 558 2757 τοῦ
576 2693 708 2772 Σατανᾶ,
725 2691 903 2778 ἐλέγχοντες
921 2695 1028 2768 αὐτοὺς
1046 2692 1278 2777 ἀπαγγελοῦμεν
1297 2693 1390 2776 ἐντῷ

322 2801 503 2886 προσήκοντι
521 2799 613 2883 τόπῳ.

390 2927 419 2973 2.
437 2907 569 2992 Λέγουσι
584 2908 617 2970 δὲ
631 2908 724 2990 αὐτὴν
740 2904 905 2990 ἀναγκαίαν
921 2906 994 2969 εἶναι
1010 2915 1068 2982 τοῖς
1082 2909 1136 2990 τὴν
1152 2905 1268 2969 τελείαν
1280 2915 1391 2990 γνῶσιν

321 3013 483 3099 εἰληφόσιν,
498 3015 546 3076 ἵνα
561 3013 603 3088 εἰς
615 3015 669 3096 τὴν
684 3013 759 3095 ὑπὲρ
773 3011 871 3076 πάντα
886 3011 1008 3096 δύναμιν
1019 3012 1091 3075 ὦσιν
1110 3010 1389 3096 ἀναγεγεννημένοι.

320 3120 443 3196 Ἀλλιυς
461 3122 520 3205 γὰρ
534 3121 604 3204 ἡμῖν
618 3117 762 3182 ἀδύνατον
778 3117 859 3194 ἐντὸς
876 3116 1083 3203 Πληρώματος
1098 3117 1265 3182 εἰσελθεῖν·
1283 3117 1387 3204 ἐπειδὴ

321 3231 396 3313 αὕτη
409 3229 488 3291 ἔστιν
501 3227 521 3310 ἡ
534 3227 575 3302 εἰς
586 3228 620 3289 τὸ
632 3224 728 3311 βάθος
739 3233 791 3289 τοῦ
803 3224 910 3289 Belou
921 3224 1097 3310 κατάγουσα
1108 3223 1178 3289 κατ’
1191 3225 1308 3302 αὐτούς.
1344 3225 1390 3290 Τὸ

320 3335 448 3420 μὲνγὰρ
464 3331 615 3418 βὶππσμα
630 3341 682 3395 τοῦ
696 3330 875 3415 φαινομένου
891 3328 1004 3416 Ἰησοῦ,
1021 3331 1062 3407 εἰς
1079 3331 1186 3414 ἄφεσιν
1201 3331 1275 3394 εἶναι
1291 3331 1388 3415 ἁμαρ-

321 3526 366 3579 riis
384 3525 484 3596 graecis
506 3525 647 3590 eleusiniis,
670 3541 736 3596 quae
760 3535 827 3577 teste
880 3523 973 3578 eadem
992 3540 1071 3595 porro
1092 3523 1242 3594 obiurgatio
1262 3522 1291 3576 fit
1311 3540 1325 3576 a
1345 3522 1389 3576 lu·

320 3607 393 3662 Tert.
407 3608 611 3662 «Valentiniani
625 3607 826 3662 feceruntleno·
878 3623 971 3674 struo,
991 3608 1106 3678 Apoll,
1127 3605 1229 3673 62-64;
1249 3607 1320 3660 Diui.
1341 3604 1385 3678 69,

323 3694 438 3748 «αἰτίαν
461 3705 487 3747 et
512 3709 573 3748 cum
596 3693 689 3746 ritibus
715 3693 825 3763 magicis
881 3709 928 3762 70;
949 3693 1034 3746 Τειιτ.
1054 3690 1169 3746 Praescr.
1188 3707 1224 3757 ιο
1243 3705 1296 3746 etc.

319 3777 365 3832 csr.
389 3779 509 3840 Aunrcrr,
538 3777 594 3830 Dos
621 3777 704 3830 orrtile
732 3777 824 3846 Myste-
916 3780 958 3848 (ς)
976 3777 1387 3847 Nonnisienimspiritusscruta·

284 3885 294 3900 ·
319 3865 405 3915 rienw.
425 3878 450 3932 p.
471 3875 500 3928 75
525 3879 596 3932 sqq.;
618 3861 652 3926 84
662 3878 719 3931 sqq.
879 3861 1061 3933 turprosunda
1075 3861 1176 3926 Dai3-et
1190 3860 1385 3934 «psychicum»

356 3948 398 4016 (1)
411 3945 464 4000 Csr.
475 3947 494 4010 Ι,
508 3961 548 4012 ι4,
561 3945 593 4011 6;
617 3945 637 4009 Ι,
654 3960 683 3998 21
700 3957 748 3998 etc.
779 3949 826 4009 Εἰς
879 3947 962 4017 (quod
982 3946 1145 3999 redemtione
1168 3945 1318 4016 deponitur;
1342 3944 1389 3996 clr.

320 4036 389 4087 ἑπῑδ.
409 4049 431 4085 c.
452 4047 477 4102 7.
879 4031 893 4100 §
909 4032 935 4099 5)
952 4030 1041 4083 «nihil
1058 4030 1085 4082 in
1100 4030 1223 4083 Pleroma
1239 4029 1386 4082 transibit»

355 4117 398 4188 (2)
422 4117 505 4188 Lege:
537 4116 668 4180 submissa,
693 4117 708 4168 i.
738 4133 760 4168 e.
785 4116 825 4167 in'-
880 4113 1247 4186 (c.V11,1,p.121-122).
1338 4163 1341 4169 .

319 4202 406 4266 ducta,
421 4200 528 4255 suffecta
544 4201 572 4254 in
590 4202 678 4254 locum
692 4200 824 4270 baptismi;
916 4199 958 4267 (4)
977 4197 1031 4252 Csr.
1051 4211 1085 4253 et.
1106 4216 1130 4269 p.
1154 4212 1211 4267 173,
1231 4209 1286 4250 not.
1309 4212 1332 4266 3.
