3238 5090
207 485 319 554 (xxxl,
341 485 485 554 3-xxxn,
508 488 555 557 11.]
602 491 692 537 treet
714 489 879 536 secunous
1210 485 1272 554 397

275 683 353 750 Cae.
377 683 452 750 XX.
469 681 522 774 [H
526 681 575 750 W.
589 683 733 764 XXXII,
752 683 794 774 t].
842 685 1005 765 Quoutnnt
1022 703 1273 753 exsotutrouetr

208 808 444 856 Prtaeotattutt
462 810 639 858 tuetortntt
655 810 697 856 et·
712 809 1002 859 reconventttt'retr
1019 811 1176 858 trenonrs
1194 811 1274 860 suae

209 916 357 962 sacrum.
410 917 435 962 1.
451 896 615 978 Quoniam
632 913 662 962 et
678 895 849 985 parabolas,
862 912 892 963 et
906 913 993 964 actus
1008 897 1141 964 Domini
1156 897 1275 985 impro-

206 1004 273 1090 prie
288 1018 318 1069 et
333 1003 593 1090 inconsequenter
609 1001 745 1072 inferunt
757 1002 911 1091 figmento
927 1027 996 1086 suu,
1011 1005 1053 1070 ita
1065 1004 1272 1072 ostendimus.

207 1109 296 1175 Illam
320 1110 405 1176 enim
428 1132 525 1197 quam
548 1132 621 1198 erga
643 1108 868 1176 duodecimum
891 1111 1035 1178 Aeonem
1063 1109 1170 1178 dicunt
1193 1111 1274 1178 acci·

206 1215 289 1283 disse
312 1217 502 1303 passionem,
518 1233 671 1283 conantur
690 1216 865 1298 ostendere,
881 1215 964 1304 quod
979 1216 1152 1284 Salvatoris
1169 1218 1273 1305 passio

207 1343 223 1387 a
239 1320 428 1389 duodecimo
447 1321 664 1409 apostolorum
685 1319 763 1388 facta
778 1321 828 1402 sit,
843 1339 874 1390 et
890 1322 922 1388 in
945 1319 1135 1391 duodecimo
1152 1344 1272 1390 mense.

207 1429 282 1494 Uno
305 1429 390 1494 enim
415 1451 498 1496 armo
521 1427 631 1494 volunt
650 1451 724 1494 eum
738 1444 809 1514 post
825 1426 1017 1516 baptismum
1032 1427 1274 1515 praedicasse.(¹)

207 1535 267 1604 Sed
290 1551 321 1602 et
342 1537 376 1602 in
398 1535 449 1601 ilia
472 1558 551 1624 quae
573 1533 695 1602 fluxum
719 1535 879 1622 sanguinis
903 1532 1084 1622 patiebatur,
1109 1534 1273 1605 manifeste

206 1641 313 1709 dicunt
336 1656 517 1708 ostensum:
549 1640 716 1710 duodecim
744 1643 830 1710 enim
853 1643 943 1710 annis
966 1664 1056 1729 passa
1078 1659 1125 1708 est
1148 1642 1272 1721 mulier,

207 1766 237 1814 et
260 1766 390 1836 tangens
416 1747 578 1816 ¹fimbriam
604 1749 785 1830 salvatoris,
810 1766 1002 1837 consequuta
1033 1765 1080 1818 est
1107 1750 1271 1816 sanitatem

207 1855 244 1922 ab
264 1855 314 1921 illa
338 1856 464 1936 virtute,
480 1879 558 1944 quae
582 1878 706 1943 egressa
729 1871 776 1922 est
791 1879 808 1922 a
823 1855 996 1938 Salvatore,
1011 1877 1107 1942 quam
1131 1878 1272 1944 praeesse

206 1961 362 2028 dicunt.(²)
406 1961 461 2028 illa
484 1963 569 2028 enim
593 1984 672 2049 quae
695 1984 782 2050 passa
799 1979 846 2028 est
860 1963 960 2028 virtus
979 1980 1104 2030 extensa
1119 1978 1149 2029 et
1163 1962 1195 2030 in
1212 1963 1273 2028 im·

206 2091 352 2134 mensum
377 2068 519 2152 effluens,
539 2071 579 2136 ita
598 2087 631 2136 ut
650 2068 874 2158 periclitaretur
897 2092 952 2157 per
975 2093 1105 2138 omnem
1129 2067 1272 2138 substan-

204 2175 281 2240 tiam
304 2173 444 2258 dissolvi,
459 2199 557 2264 quum
573 2177 725 2264 tetigisset
744 2177 879 2263 primam
895 2178 1177 2264 quaternationem‚
1192 2199 1272 2264 quae

206 2302 260 2367 per
278 2278 434 2348 fimbriam
458 2281 660 2370 significatur,
679 2282 773 2363 stetit,
788 2297 819 2348 et
834 2305 851 2347 a
867 2283 1011 2370 passione
1035 2282 1217 2352 cessavit.(³)

272 2406 301 2452 2.
326 2389 395 2454 Hoc
419 2411 495 2476 ergo
514 2388 599 2476 quod
622 2388 731 2456 dicunt
752 2386 932 2456 duodecimi
948 2389 1068 2455 Aeonis
1090 2389 1269 2476 passionem

204 2516 259 2581 per
281 2494 390 2564 Iudam
420 2494 640 2575 demonstrati,
662 2492 825 2583 quomodo
849 2511 953 2584 potest
975 2497 1008 2562 in
1031 2493 1270 2564 similitudinem

205 2602 378 2688 comparari
401 2600 503 2682 Iudas,
518 2602 571 2690 qui
591 2601 707 2668 eiectus
726 2617 772 2667 est
788 2601 827 2668 de
844 2624 978 2669 numero
996 2599 1197 2682 duodecimo,
1213 2624 1270 2668 nec

206 2709 364 2773 restitutus
388 2724 434 2773 est
457 2709 489 2774 in
512 2707 619 2773 locum
644 2708 758 2774 suum?
803 2709 894 2776 Aeon
918 2709 1014 2788 enim,
1038 2709 1126 2775 cuius
1158 2725 1270 2796 typum

207 2812 314 2878 Iudam
343 2810 450 2879 dicunt
473 2835 553 2894 esse,
576 2829 714 2900 separata
738 2813 805 2880 eius
828 2811 1026 2901 Enthymesi,
1049 2815 1189 2882 restituta
1212 2832 1270 2896 est,

205 2919 271 2983 sive
294 2936 456 2985 revocata:
479 2919 572 2986 Iudas
596 2935 701 2986 autem
724 2919 883 2988 abdicatus
907 2939 963 3003 est,
986 2938 1016 2988 et
1040 2923 1165 3004 eiectus,
1184 2939 1215 2988 et
1238 2923 1270 2990 iu

205 3024 311 3090 iocum
331 3027 398 3090 eius
413 3025 561 3091 Matthias
580 3024 740 3091 ordinatus
755 3042 812 3106 est,
825 3026 998 3093 secundum
1014 3026 1098 3114 quod
1119 3029 1269 3115 scriptum

205 3147 267 3195 est:
294 3131 363 3196 «Et
387 3132 600 3219 episcopatum
623 3134 689 3198 eius
717 3134 847 3220 accipiat
879 3133 957 3199 alius
973 3133 1041 3198 1.(4)
1087 3133 1271 3200 Debuerunt

204 3237 307 3324 itaque
332 3236 446 3320 dicere,
469 3237 695 3305 duodecimum
719 3241 863 3306 Aeonem
888 3241 1023 3308 eiectum
1048 3264 1116 3308 esse
1138 3240 1177 3307 de
1200 3241 1271 3308 Ple-

204 3363 335 3426 romate,
359 3361 388 3411 et
411 3347 444 3411 in
467 3345 574 3411 locum
598 3346 664 3411 eius
686 3345 783 3412 alium
815 3346 972 3434 prolatum
1001 3348 1068 3413 sive
1098 3349 1269 3426 emissum;

205 3452 230 3516 si
259 3468 364 3518 tamen
390 3450 522 3518 inludat
552 3451 736 3518 ostenditur.
791 3452 904 3520 Adhuc
927 3469 1033 3520 autem
1056 3455 1122 3541 ipse
1141 3453 1268 3542 quidem

240 3627 281 3692 (r)
300 3625 400 3678 Graece
419 3626 484 3678 haec
507 3625 620 3694 legimus
635 3625 656 3690 1,
671 3641 710 3689 111,
763 3644 826 3680 mox
844 3629 946 3682 lecturo
964 3629 1111 3698 praesentia
1131 3630 1192 3684 sint.

207 3725 236 3776 3;
257 3707 302 3762 csr.
313 3727 337 3780 p.
351 3725 396 3779 92,
410 3721 436 3762 et
449 3725 517 3780 quae
536 3709 571 3762 ibi
590 3710 709 3763 animad-
799 3713 842 3779 (3)
864 3712 909 3765 Est
943 3714 1079 3784 antitypus
1111 3715 1269 3786 praeceden-

204 3809 279 3846 versa
297 3805 359 3846 sunt
377 3793 496 3846 subnot.
514 3807 536 3862 3.
574 3792 623 3847 Hic
636 3809 709 3848 error
762 3795 843 3850 tium:
862 3797 927 3850 haec
946 3797 1019 3854 euim
1037 3798 1128 3852 omnia
1147 3797 1269 3852 Gnostici

203 3892 283 3946 quam
312 3877 407 3931 aeriter
433 3877 562 3930 Nostrum
592 3875 709 3932 offendat
762 3879 795 3933 de
805 3881 957 3936 Achamoth
965 3895 1093 3936 asserunt.
1121 3881 1174 3938 cfr.
1185 3884 1202 3936 l.
1212 3900 1234 3936 c.
1242 3883 1269 3936 in

204 3977 275 4026 mox,
294 3978 315 4014 c.
336 3975 395 4015 xxtt
415 3961 530 4016 habebis.
762 3966 1269 4036 not.praec.,exquocommodeGrtaee

238 4046 282 4114 (2)
301 4045 355 4100 Csr.
374 4045 439 4100 haec
465 4061 570 4116 quoque
591 4047 610 4098 1.
630 4063 654 4099 c.
674 4045 708 4113 (1,
762 4067 856 4120 graeca
869 4049 945 4104 huius
957 4061 1045 4104 textus
1061 4051 1182 4106 restituit.

203 4143 241 4194 111,
264 4131 290 4200 3)
310 4148 338 4200 p.
353 4145 396 4201 93.
439 4131 511 4185 Haec
530 4131 563 4184 11.
582 4132 615 4188 de
633 4149 708 4188 more
797 4136 840 4201 (4)
859 4133 954 4188 Psalm.
972 4133 1068 4200 CVIII,
1087 4136 1103 4188 8
1122 4136 1192 4206 apud
1211 4136 1268 4190 Aa.

203 4215 316 4268 breviter
328 4215 370 4269 hic
384 4216 512 4269 recolitnt
522 4214 708 4271 refutationem
763 4217 784 4283 1,
807 4234 848 4272 20.
