3274 5100
352 438 415 503 292

638 437 766 484 tenuant
789 438 950 484 inversus
973 437 1129 484 naereses
1230 434 1328 505 Dixit,
1348 435 1420 490 8-10

418 633 450 699 8.
472 629 650 698 Ialdabaoth
675 645 779 697 autem
803 645 929 718 propter
959 653 1030 696 eam
1053 652 1132 718 quae
1155 631 1237 696 circa
1255 651 1329 698 eum
1354 648 1419 697 erat

350 738 556 818 oblivionem,
590 760 630 802 ne
664 733 791 825 quidem
826 734 1040 803 intendentem
1075 734 1113 803 ad
1138 736 1225 818 haec,
1249 738 1419 826 proiecisse

349 847 452 914 Adam
475 861 505 912 et
533 845 632 911 Evam
666 841 706 910 de
740 843 893 932 paradis0,
928 845 1079 934 quoniam
1109 846 1296 932 transgressi
1330 862 1418 912 erant

349 969 549 1043 praeceptum
572 952 650 1017 eius.
696 950 844 1017 Voluisse
866 952 954 1017 enirn
976 949 1059 1017 lilios
1078 954 1104 1016 ei
1124 973 1162 1017 ex
1181 951 1245 1016 Eva
1266 953 1419 1038 generari,

349 1076 380 1129 et
394 1084 459 1128 uon
474 1059 619 1147 adeptum
636 1079 715 1138 esse,
724 1058 757 1111 (¹)
771 1059 921 1146 quoniam
937 1074 1037 1124 mater
1056 1059 1158 1124 suain
1174 1056 1323 1124 omnibus
1342 1081 1420 1124 con-

348 1168 455 1234 trairet
477 1167 516 1247 ei,
539 1181 569 1232 et
594 1165 724 1232 latenter
742 1187 896 1231 evacuans
910 1164 1014 1232 Adam
1034 1179 1064 1230 et
1080 1165 1179 1231 Evam
1197 1161 1234 1232 ab
1255 1163 1419 1232 humecta-

348 1273 435 1340 tione
458 1271 597 1351 luminis‚
621 1271 665 1336 uti
689 1291 790 1357 neque
813 1267 1067 1336 maledictionem
1092 1269 1297 1357 participaret,
1316 1292 1417 1358 neque

349 1377 565 1467 opprobrium,
589 1377 615 1442 is
637 1377 691 1465 qui
711 1391 793 1441 esset
808 1398 826 1440 a
841 1375 1065 1463 principalitate
1084 1376 1221 1463 spiritus.
1267 1373 1319 1442 Sic
1337 1398 1418 1464 quo-

348 1508 410 1574 que
431 1505 548 1549 vacuos
571 1505 588 1548 a
610 1479 716 1548 divina
740 1478 911 1547 substantia
935 1479 1043 1561 factos,
1069 1479 1252 1547 maledictos
1279 1504 1348 1549 esse
1377 1481 1417 1548 ab

348 1615 399 1675 e0,
422 1607 452 1656 et
474 1589 612 1658 deiectos
635 1612 652 1655 a
675 1588 762 1654 caelo
789 1589 822 1654 in
844 1587 927 1654 hunc
952 1587 1107 1655 mundum
1129 1586 1254 1654 docent.
1301 1587 1362 1655 Sed
1386 1607 1418 1655 et

349 1714 526 1786 serpentem
549 1694 698 1763 adversus
720 1711 842 1784 patrem
865 1712 1048 1783 operantem
1077 1694 1235 1762 deiectum
1259 1692 1297 1761 ab
1320 1718 1359 1762 eo
1383 1698 1416 1762 in

348 1804 498 1872 deorsum
522 1799 695 1868 mundum:
719 1802 752 1868 in
776 1817 962 1889 potestatem
986 1817 1091 1868 autem
1112 1823 1202 1867 suam
1221 1798 1416 1889 redigentem

348 1912 477 2000 angelos
498 1911 552 1999 qui
576 1908 627 1976 hic
650 1923 733 1990 suut,
752 1925 783 1975 et
796 1909 899 1997 ipsum
916 1931 970 1974 sex
988 1907 1070 1976 lilios
1085 1930 1260 1997 generasse,
1280 1911 1417 1997 septimo

348 2020 417 2106 ipso
441 2019 607 2084 exsistente
631 2014 668 2083 ad
692 2015 901 2082 imitationem
925 2015 1002 2096 eius,
1018 2039 1097 2104 quae
1115 2017 1196 2082 circa
1216 2015 1343 2084 Patrem
1358 2034 1416 2097 est,

348 2120 565 2190 hebdomadis.
634 2121 673 2188 Et
696 2119 755 2186 hos
790 2136 909 2208 septem
936 2118 1107 2187 daemonas
1140 2118 1314 2188 mundiales
1348 2145 1417 2188 esse

348 2229 465 2310 dicunt,
489 2228 688 2296 adversantes
711 2244 741 2294 et
765 2228 943 2294 resistentes
973 2250 1098 2316 semper
1128 2229 1235 2316 generi
1265 2228 1417 2310 humanu,

348 2337 498 2424 quoniam
523 2351 648 2422 propter
667 2357 721 2399 eos
737 2349 822 2422 pater
838 2333 964 2400 illorum
972 2336 1005 2388 (ἢ
1021 2335 1177 2422 proiectus
1193 2352 1240 2402 est
1255 2333 1415 2402 deorsum.

417 2463 446 2526 9.
470 2439 573 2507 Adam
597 2457 702 2506 autent
726 2457 756 2506 et
779 2441 879 2506 Evam
903 2441 988 2528 prius
1015 2440 1143 2529 quidem
1166 2439 1311 2508 habuisse
1336 2443 1416 2510 lesia

348 2565 379 2615 et
413 2549 505 2629 clara,
539 2564 569 2613 et
603 2546 689 2613 velut
723 2548 871 2634 spiritalia
903 2570 1046 2635 corpora,
1080 2546 1351 2637 quemadmodum
1386 2567 1417 2616 et

348 2656 491 2744 plasmati
516 2671 605 2733 sunt;
629 2656 791 2720 venientes
814 2672 919 2728 autem
944 2654 1016 2738 huc,
1044 2653 1223 2722 demutasse
1246 2656 1280 2722 in
1302 2657 1418 2724 obscu-

349 2765 423 2844 riuS,
447 2779 477 2829 et
500 2763 658 2851 pinguius,
682 2778 712 2828 et
733 2763 870 2850 pigrius;
890 2761 944 2829 sed
968 2779 998 2828 et
1016 2754 1156 2829 animam
1175 2761 1362 2830 dissolutam
1386 2783 1418 2831 et

348 2868 545 2958 languidam:
580 2870 733 2958 quippea
763 2867 879 2934 lactore
913 2869 1135 2937 tantummodo
1169 2867 1417 2938 insufflationem

349 2975 540 3043 mundialem
548 2975 581 3030 (³)
593 2973 751 3056 habentes,
759 2972 962 3064 quoadusque
975 2976 1128 3042 Prunicos
1138 2977 1281 3044 miserata
1292 3001 1416 3059 eorum,

349 3079 480 3148 reddidit
503 3082 547 3147 eis
577 3079 709 3147 odorem
741 3081 901 3147 suavitatis
928 3080 1169 3148 humectationis
1194 3082 1340 3150 luminis:
1360 3106 1417 3171 per

347 3211 442 3276 quam
474 3187 506 3252 in
541 3187 880 3254 commemorationem
914 3205 1067 3254 venerunt
1094 3211 1185 3254 suam
1208 3189 1361 3277 ipsorum,
1385 3207 1417 3256 et

348 3314 567 3383 cognoverunt
590 3297 709 3383 seipsos
736 3293 840 3360 nudos
870 3312 901 3362 et
931 3297 1071 3383 corporis
1103 3299 1282 3378 materiam3
1307 3313 1337 3364 et
1360 3321 1415 3365 co-

383 3491 426 3563 (1)
446 3493 547 3546 alludit
561 3494 594 3546 ad
607 3493 687 3546 verba
698 3491 759 3546 Gen.
773 3493 793 3556 l,
808 3491 850 3544 28:

350 3577 456 3630 Crescite
466 3585 488 3629 et
497 3577 774 3648 inultiplicaminiquod
786 3578 853 3631 obti-

347 3678 410 3715 nere
429 3679 483 3715 non
501 3663 584 3732 potuit
600 3663 627 3715 in
641 3662 762 3733 paradiso
778 3662 852 3730 (ibid.

347 3745 394 3809 IV,
422 3747 456 3814 1).
492 3745 633 3816 Sequentia
660 3763 724 3798 vero
751 3762 798 3816 pcr
825 3762 853 3798 se

347 3830 853 3901 stantneccumhiscohaerent:quippe

347 3933 402 3968 non
422 3915 538 3968 indicant
556 3915 688 3969 rationem
707 3931 753 3967 cur
772 3913 852 3968 finem

347 4017 424 4052 suum
444 3999 542 4052 laldab.
556 4000 675 4052 obtinere
688 4016 742 4052 non
762 4011 853 4068 potue-

347 4085 389 4146 rit,
409 4085 454 4137 sed
473 4084 686 4154 praecautionem
702 4100 752 4154 qua
771 4083 853 4136 utitur

346 4167 443 4237 Sophia
460 4168 497 4235 (i)
517 4169 550 4220 ad
578 4166 734 4220 salvandam
762 4168 793 4219 ab
813 4167 853 4219 in-

907 3503 994 3545 stante
1021 3493 1138 3546 hominis
1171 3493 1357 3548 maledictione
1388 3505 1416 3546 et

906 3577 1048 3647 opprobrio
1060 3577 1202 3630 scintillam
1217 3577 1359 3648 pretiosam
1374 3578 1417 3630 lu-

907 3661 996 3714 minis.
1012 3660 1158 3715 —Verum
1176 3677 1217 3714 res
1236 3662 1347 3716 obscura
1365 3673 1415 3714 est.

943 3747 984 3812 (2)
1005 3744 1026 3797 1.
1046 3762 1068 3798 e.
1085 3761 1200 3816 serpens.

942 3827 1417 3900 (perr.conceptuspuxqetmetua

906 3913 975 3982 apud
986 3912 1092 3966 Valent.
1131 3912 1209 3977 Quae
1221 3925 1366 3984 sequuntur
1375 3930 1416 3964 re-

906 3997 1416 4068 gulamgnosticampulchrecomplent,

905 4093 932 4134 et
951 4094 1028 4152 captu
1047 4093 1108 4135 sunt
1121 4080 1246 4135 facillima
1259 4084 1281 4134 si
1294 4097 1354 4134 cum
1373 4097 1417 4132 sa·

906 4183 952 4219 cro
970 4177 1044 4220 textu
1063 4165 1239 4220 conserantur.
