3288 5060
200 479 396 550 omum

621 482 712 528 LIBER
735 481 848 527 PRIMUS

1202 479 1265 546 279

201 681 312 746 tentias
327 701 519 746 enarramus
567 675 707 759 Quidam
719 678 752 731 (¹)
767 679 853 744 enim
869 700 981 742 eorum
997 678 1140 743 Aeonem
1157 700 1267 765 quem-

202 786 275 854 dam
298 809 472 875 numquam
496 803 710 854 senescentem
738 786 770 850 in
792 785 936 873 virginali
961 785 1069 872 spiritu
1089 783 1268 866 subiiciunt,

202 917 298 984 quem
323 892 476 959 Barbelon
500 893 677 960 nominant.
721 890 784 959 Ubi
808 915 876 957 esse
889 908 1010 979 patrem
1033 889 1201 980 quemdam
1222 892 1269 956 in-

203 998 418 1066 nominabilen
434 996 558 1064 dicunt:
578 996 718 1063 uoluisse
728 1013 832 1066 autem
848 996 931 1062 hunc
947 995 1147 1062 manifestare
1162 1019 1195 1062 se
1211 997 1270 1084 ipsi

205 1103 381 1172 Barbeloni.
439 1105 600 1171 Ennoeam
632 1119 737 1170 autem
769 1103 848 1170 hanc
872 1125 1070 1194 progressam
1094 1103 1214 1170 stetisse
1238 1104 1271 1169 in

205 1226 373 1298 conspectu
390 1210 467 1290 eius,
484 1227 514 1276 et
525 1209 698 1297 postulasse
711 1208 940 1296 prognosin&
982 1209 1094 1291 Quum
1107 1209 1271 1297 prodiisset

207 1430 354 1494 ἐβλάστησε
374 1433 464 1493 μῦσος.
501 1427 645 1478 ‘ruditate
660 1427 711 1490 γὰρ
726 1429 816 1477 Δίῶνα
831 1427 890 1476 τινὰ
904 1426 1059 1491 ἀνώλεθρον
1075 1429 1103 1477 ἐν
1117 1429 1271 1494 anputatae)

207 1521 325 1582 διπὶγοντι
343 1519 479 1582 πνεύματι,
491 1516 506 1567 ’ὀ
518 1515 671 1585 nepesine
689 1516 847 1580 ὀνομάζουσι
860 1555 866 1568 .
878 1555 884 1568 .
895 1555 901 1568 .
914 1518 970 1582 Τὴν
982 1518 1012 1568 δὲ
1025 1517 1178 1582 Rapinium>
1197 1515 1273 1585 [Ἓν-

207 1605 291 1675 notan]
307 1611 412 1672 αἰτῆσαι
423 1607 575 1670 Πρὸγνωσιν
587 1603 647 1667 παρ’
656 1605 744 1655 αὐτοῦ,
775 1603 966 1670 Προελθοὺσης
978 1605 1009 1656 δὲ
1023 1607 1128 1671 ταύτης,
1138 1605 1187 1657 εἰτ’
1195 1607 1273 1668 αὖθις

245 1857 286 1922 (ti
306 1854 345 1908 De
365 1852 573 1906 Barbeliotarum
596 1848 716 1902 doctrina

209 1940 315 1992 nonnisi
344 1938 522 2008 fragmentum
550 1935 642 1988 recitat
663 1933 717 1986 Ire·

210 2041 299 2088 naeus,
319 2038 400 2093 usque
419 2037 515 2090 nempe
538 2021 569 2072 ad
589 2021 717 2072 constitu·

210 2110 310 2162 tionem
331 2107 432 2172 mundi,
453 2106 522 2176 quod
541 2105 647 2176 quidem
666 2103 716 2156 tria

209 2205 314 2246 tantum
330 2193 417 2262 priora
434 2201 571 2243 momenta
584 2205 639 2259 sup.
654 2205 717 2242 enu-

211 2289 310 2330 merata
324 2263 515 2346 complectitur]
550 2273 659 2338 Verum,
669 2287 719 2324 nec

212 2364 261 2416 ista
276 2379 308 2415 ex
321 2373 395 2414 textu
409 2375 487 2430 quem
501 2375 571 2412 nunc
581 2358 718 2420 habemus,

212 2461 302 2502 exacte
330 2446 433 2500 restitui
458 2455 588 2516 poterant,
608 2443 718 2496 sortasse

212 2529 437 2602 interpretationis
465 2527 545 2582 vitio:
567 2527 612 2581 sed
636 2543 718 2597 quum

212 2617 265 2668 iam
285 2614 343 2667 lons
363 2631 396 2667 ex
415 2630 467 2684 quo
486 2611 519 2666 lr.
548 2629 593 2665 sua
623 2611 718 2675 haurit,

212 2717 308 2770 nempe
336 2698 502 2769 Evangelium
530 2697 641 2760 Mariae,
671 2713 718 2748 nu·

213 2786 334 2854 purime,
342 2795 369 2836 ut
380 2783 494 2836 diximus
505 2783 616 2851 (proleg.
628 2797 651 2850 p.
665 2783 719 2848 37),

211 2869 329 2922 detectus
349 2868 391 2932 sit,
406 2867 549 2937 genuinam
560 2865 720 2917 Barbeliota-

214 2970 272 3006 runt
291 2963 410 3006 mentem
429 2951 559 3020 attingere
575 2951 642 3002 licet
679 2949 720 3001 Ita

213 3051 302 3091 autem
312 3039 501 3090 documentum
514 3037 565 3088 hoc
578 3051 635 3088 rem
645 3051 720 3087 enar·

213 3133 254 3174 rat
283 3125 328 3187 (ex
356 3121 390 3172 Κ,
420 3119 544 3172 Scttmnt
573 3135 670 3171 comm.
693 3118 720 3171 in

214 3204 275 3272 Stq.
295 3203 362 3256 Berl.
382 3202 464 3258 Aliud.
479 3200 587 3272 1896,p.
602 3203 652 3271 843
664 3219 720 3272 sqq.

216 3289 287 3360 [pap.
306 3300 376 3358 copt.
389 3305 414 3358 p.
427 3289 470 3352 afl'
483 3287 567 3358 sqq.];
586 3285 633 3339 clr.
649 3287 720 3338 Buo·

215 3387 320 3438 natust,
334 3389 376 3442 op.
387 3371 430 3424 cit.
442 3388 466 3441 p.
481 3373 550 3436 104):
565 3370 634 3423 «Est
647 3369 722 3422 Pater

218 3460 394 3511 «toraniam...
414 3457 561 3520 invisibilis,
588 3473 652 3526 pura
677 3457 721 3508 lux

218 3545 269 3596 «in
285 3560 365 3613 quam
380 3558 462 3595 nemo
476 3542 529 3594 suis
541 3541 623 3594 oculis
637 3541 722 3611 adspi-

218 3645 300 3681 acere
319 3639 415 3698 potest,
434 3627 548 3697 spiritus,
568 3627 600 3680 de
612 3643 665 3696 quo
678 3643 722 3678 ne·

218 3729 288 3765 «mo
320 3712 437 3781 cogitare
469 3722 555 3781 potest
589 3711 723 3781 quomodo

219 3817 233 3846 a
243 3809 316 3850 ortus
332 3797 374 3860 sit,
388 3803 509 3860 aeternus,
523 3795 664 3864 ineffabilis,
685 3797 723 3846 in-

218 3881 401 3934 anotttinabilis
430 3883 548 3952 quoniam
577 3880 640 3932 nihil
668 3885 724 3932 auls

218 3983 294 4018 neum
310 3965 365 4035 suit
383 3963 448 4036 quod
466 3967 489 4016 εἰ
507 3981 594 4016 nornen
609 3963 669 4016 dare
679 3973 724 4035 po-

218 4053 327 4103 «tuerit.
366 4049 424 4120 Ipse
443 4049 542 4119 cogitat
565 4065 640 4102 suam
660 4049 725 4101 ima-

220 4136 334 4206 uginem
364 4135 444 4198 solus,
463 4145 488 4186 et
513 4134 642 4204 conspicit
666 4151 727 4186 eam

220 4241 233 4270 a
246 4222 274 4273 in
294 4237 361 4291 aqua
380 4235 460 4290 purae
483 4219 547 4271 lucis
567 4235 633 4289 quae
652 4219 726 4271 illum

774 1849 951 1904 «circumdat.
988 1851 1021 1904 Et
1040 1868 1086 1904 sua
1102 1849 1201 1904 Ennoia
1214 1868 1275 1922 ope-

774 1955 788 1985 a
797 1947 853 1988 rata
872 1948 912 1989 est
931 1953 997 2006 opus
1024 1947 1050 1988 et
1076 1937 1196 1989 revelavit
1212 1953 1236 1989 se
1254 1941 1277 1988 el

774 2023 862 2074 «stelit
879 2023 905 2073 in
923 2029 1050 2092 conspectu
1073 2023 1125 2074 eius
1150 2022 1178 2074 in
1202 2019 1277 2074 radio

774 2125 787 2155 a
797 2105 871 2170 lucis,
889 2123 956 2176 quae
974 2118 1012 2159 est
1028 2118 1090 2158 ante
1105 2106 1196 2159 omnia
1209 2106 1276 2158 exsi-

775 2204 871 2244 ustens
903 2191 952 2255 vis,
982 2208 1049 2262 quae
1080 2208 1108 2244 se
1140 2191 1278 2254 revelavit,

775 2292 864 2346 aquae
883 2289 922 2328 est
946 2275 1060 2346 perlecta
1077 2275 1201 2339 Pronoia,
1220 2275 1277 2328 uni·

775 2379 788 2410 a
799 2361 867 2412 versi
880 2361 932 2424 lux,
940 2359 1016 2412 Lucis
1027 2359 1279 2428 similitud0,imago

776 2445 945 2508 «invisibilis,
956 2445 983 2496 h.
995 2461 1018 2497 e.
1031 2443 1144 2514 perfecta
1155 2443 1203 2508 vis,
1216 2443 1278 2496 Bar·

776 2529 902 2582 «belo...
926 2541 952 2582 et
977 2529 1094 2582 laudavit
1119 2545 1190 2592 eum,
1214 2544 1278 2599 quo-

776 2615 874 2666 uniam
894 2613 949 2685 ipsa
969 2614 1042 2666 sein
1071 2614 1128 2684 ipso
1146 2613 1279 2666 revelave-

777 2719 790 2748 a
801 2711 850 2760 rat,
869 2715 981 2769 eumque
1004 2699 1112 2768 cogitat.
1149 2698 1221 2750 llaec
1240 2709 1279 2750 est

776 2783 884 2853 «prima
904 2782 1006 2835 Ennoia
1025 2783 1095 2835 illius
1109 2782 1209 2852 imago,
1224 2783 1279 2850 ipsa

777 2889 790 2917 «
800 2867 868 2921 lacta
887 2879 925 2920 est
944 2867 1161 2938 Protanthropos,
1175 2867 1225 2920 hoc
1240 2878 1280 2919 est

777 2973 791 3002 a
800 2954 962 3018 παρθενικὸν
973 2959 1084 3017 πνεῦμα,
1093 2952 1187 3021 triplex
1197 2951 1280 3004 homo

778 3058 791 3086 α
803 3037 1042 3106 [Dreimannliche]
1053 3036 1097 3106 qui
1108 3037 1139 3089 ad
1150 3037 1279 3106 triplicem

779 3121 857 3173 «vim
883 3121 1005 3191 pertinet,
1024 3121 1074 3173 tria
1097 3120 1207 3172 nomina
1234 3119 1280 3172 ha-

779 3208 875 3271 «bens,
905 3218 959 3259 tres
989 3216 1105 3269 naturas,
1139 3205 1208 3257 Aeon
1239 3207 1283 3275 qni

780 3310 793 3339 a
803 3307 938 3361 numquam
948 3291 1056 3352 senescit,
1066 3306 1123 3341 mas
1136 3287 1281 3342 femineum

780 3396 793 3424 ιι
803 3375 848 3446 qui
867 3391 898 3428 ex
912 3374 980 3427 illius
993 3374 1106 3427 Pronoia
1122 3373 1247 3444 processit
1256 3391 1281 3425 s.

776 3459 813 3513 Ut
840 3471 912 3529 patet
945 3459 1099 3510 describitur
1129 3473 1281 3527 supremum

778 3543 935 3614 principium
958 3543 1075 3614 spiritale
1102 3543 1173 3613 quod
1196 3542 1283 3596 insui

777 3628 1283 3688 revelationeinitiumrerumomnium,

778 3715 805 3767 in
824 3715 916 3784 primis
935 3713 1110 3784 spiritualium
1138 3712 1283 3765 constituit.

778 3798 845 3865 (Cir.
865 3799 967 3870 Bythos
985 3809 1011 3850 et
1032 3797 1201 3866 [colorbasia]
1215 3796 1284 3866 Sige,

779 3883 848 3954 apud
869 3883 1061 3942 Valentinum).

814 3965 1284 4037 ussmmmmufflm

783 4053 909 4106 ustulavit
923 4069 969 4121 per
983 4052 1069 4121 ipsum
1082 4050 1117 4120 [i]
1135 4049 1245 4102 Barbelo
1256 4059 1284 4101 ut

784 4137 832 4190 aei
850 4135 989 4206 Prognosis
1013 4135 1126 4187 daretur.
1163 4133 1221 4202 lpse
1240 4133 1285 4185 ad-

785 4220 865 4273 anuit
878 4231 904 4272 et
917 4229 1057 4288 postquam
1072 4216 1199 4270 adnuerat
1213 4231 1285 4268 reve·
