3172 5044
342 437 384 519 46
758 451 996 496 Puotucouaun

340 648 431 722 lutio
446 649 482 721 in
499 648 571 721 hoc
591 664 631 721 ut
650 648 752 744 quod
772 647 808 719 in
828 645 977 720 animali
994 647 1185 722 materiale
1201 663 1257 721 est
1277 671 1324 720 se
1336 673 1360 744 p
1373 673 1411 719 a·

341 789 473 847 retur
505 771 597 872 [igni
619 773 770 845 demum
799 772 1102 870 absumendum),
1124 771 1290 869 spiritale
1317 795 1413 844 vero

340 893 555 992 perficiatur
573 918 641 992 per
658 891 826 990 gnosim;
857 892 1122 991 redemptio
1147 892 1268 987 (mere
1291 919 1413 965 exem·

333 1018 483 1115 plarz‘s)
513 1017 554 1090 fit
569 1043 636 1114 per
656 1015 847 1090 Christum
867 1016 1108 1089 coniunctum
1123 1017 1206 1090 lesu
1222 1033 1413 1113 quatenus

341 1144 377 1215 in
408 1168 456 1216 eo
494 1159 690 1238 separatur
725 1141 1005 1239 pneumaticum
1040 1167 1178 1238 nempe
1214 1141 1336 1214 lesum
1372 1140 1412 1214 in

342 1266 486 1340 caelum
507 1268 727 1340 redeuntem
747 1283 835 1338 ante
854 1265 1080 1362 passionem,
1102 1267 1293 1340 materiale
1318 1291 1413 1340 vero

341 1391 498 1465 cruciet
518 1392 627 1464 morti
648 1390 876 1486 relinquitur.
934 1390 1202 1464 Restitutio
1228 1417 1307 1464 seu
1328 1417 1412 1489 per-

340 1515 452 1590 lectio
481 1515 645 1588 sinalis
673 1514 709 1588 in
743 1515 814 1589 hoc
843 1532 900 1588 est
929 1516 1031 1611 quod
1060 1541 1189 1590 semen
1219 1515 1412 1613 spirituale

340 1641 546 1737 perfectum
584 1657 671 1713 eta
704 1639 884 1714 materiali
919 1658 1133 1737 separatum
1168 1641 1203 1714 in
1239 1641 1415 1714 Pleroma

341 1765 537 1840 inducatur
561 1766 596 1839 in
620 1765 814 1839 divinitate
842 1767 1134 1851 resorbendum;
1165 1783 1315 1840 caetera
1342 1791 1414 1864 per

340 1891 467 1990 ignem
497 1892 545 1963 ad
575 1889 728 1963 nihilum
756 1891 987 1988 redigentur.

420 2015 559 2087 Lector
595 2039 687 2088 sane
721 2014 903 2111 percipiet
944 2041 1057 2110 quam
1086 2015 1160 2090 late
1189 2014 1248 2088 hic
1277 2031 1414 2112 patere

339 2139 461 2236 potuit
482 2138 673 2235 discipulis
688 2137 877 2212 Valentini
897 2140 1087 2235 proiectus
1104 2139 1212 2212 simul
1231 2165 1276 2214 ac
1296 2139 1413 2213 etiam

340 2265 612 2362 deturpationis
632 2290 799 2362 campus.
847 2265 887 2336 ln
907 2264 1164 2338 describendis
1183 2266 1248 2338 scl.
1274 2291 1413 2339 novem

341 2389 443 2462 hisce
468 2389 657 2487 phasibus,
679 2406 743 2462 aut
762 2388 916 2462 historia
936 2389 1111 2486 Sophiae,
1135 2391 1171 2462 in
1191 2389 1415 2464 evolvendis

340 2514 549 2598 creationis
568 2515 848 2613 redemptionis,
866 2515 1198 2590 consummationis
1218 2515 1410 2600 doctrinis,

338 2665 383 2712 ac
398 2640 619 2738 praesertim
641 2641 761 2736 (quod
781 2656 893 2738 caput
912 2639 1025 2714 luisse
1046 2640 1192 2714 videtur
1211 2641 1247 2714 in
1273 2640 1414 2713 scholis

339 2763 626 2863 Gnosticorum)
647 2764 683 2836 in
704 2765 773 2838 illis
793 2765 988 2838 fulciendis
1017 2766 1143 2862 petitis
1165 2791 1187 2838 a
1215 2764 1413 2862 Scriptura

341 2891 387 2962 N.
410 2889 455 2962 T.
474 2892 514 2986 (a
534 2891 618 2964 Vet.
641 2890 739 2964 enim
761 2891 1030 2988 abhorrebant)
1052 2891 1256 2974 sententiis,
1283 2890 1413 2986 utique

339 3015 512 3088 doctrina
540 3014 576 3088 in
605 3014 829 3088 immensum
867 3016 1030 3088 crevisse
1070 3014 1202 3112 potuit.
1260 3013 1413 3087 Exinde

341 3139 484 3213 infinita
513 3140 574 3213 illa
602 3139 719 3212 series
748 3140 1011 3237 magistrorum
1040 3165 1084 3212 ac
1104 3139 1315 3212 scholarum
1336 3137 1413 3211 Va·

339 3261 629 3335 lentinianorum
659 3289 771 3359 quam
801 3279 984 3336 testantur
1012 3289 1144 3335 omnes
1167 3260 1412 3336 ecclesiastici

339 3384 554 3481 scriptores.
612 3386 780 3458 Auream
808 3401 934 3459 tamen
964 3384 1159 3482 periodum
1184 3385 1413 3459 Valentinia-

340 3506 483 3580 nismus
510 3510 769 3583 brevissimam
799 3510 952 3583 sortitus
981 3528 1047 3583 est.
1107 3511 1184 3584 lam
1205 3511 1304 3583 enim
1326 3535 1413 3582 cum

339 3631 577 3706 Heracleone
610 3633 775 3732 (insigne
805 3635 866 3707 illo
894 3653 1057 3733 exegeta
1086 3662 1198 3732 quem
1233 3652 1309 3709 tam
1344 3636 1414 3708 lre-

338 3774 509 3854 quenter,
552 3785 620 3831 nec
663 3786 812 3858 semper
850 3760 999 3832 inimico
1037 3760 1191 3843 calamo,
1232 3759 1414 3833 exscribit

339 3881 559 3979 Origenes),
605 3885 759 3957 Aeones
801 3884 963 3982 quidam,
1004 3885 1117 3958 veluti
1160 3885 1250 3968 Nus,
1297 3886 1412 3972 Oros,

339 4004 491 4103 Sophia,
525 4007 707 4092 Christus,
747 4010 925 4094 Pneuma‚
966 4035 1093 4106 ‹quos
1122 4009 1345 4084 Valentinus
1376 4011 1416 4084 in

346 4159 364 4200 c
380 4130 460 4227 ipsa
474 4158 620 4206 summa
636 4133 828 4207 divinitate
845 4152 885 4207 ut
900 4161 1032 4208 sensus
1053 4152 1090 4208 et
1109 4135 1265 4208 aflectus
1285 4152 1417 4209 motus
