3274 5100
639 463 728 510 trualt
748 461 861 510 PRIMUS
1212 441 1275 524 289

211 459 346 530 (xxvm,
368 461 416 531 p]

211 655 309 739 factis,
333 654 371 722 ad
394 656 480 723 litem
504 673 535 724 et
552 659 691 746 iurgium
721 657 870 724 adversus
900 680 975 723 eum
1005 679 1176 723 conversos
1207 679 1275 722 esse

210 762 293 829 lilios
316 764 383 829 eius
405 761 445 830 de
466 765 657 852 principatu:
685 779 812 852 propter
834 786 913 851 quae
937 763 1155 829 contristatum
1178 761 1277 828 Ialda-

211 867 316 950 baoth,
335 886 367 935 et
384 868 610 959 desperantem,
626 871 825 958 conspexisse
841 873 874 936 in
891 868 1103 936 subiacentem
1118 867 1277 936 saecemtu

212 976 369 1057 materiae,
401 992 432 1042 et
462 976 673 1043 consolidasse
701 978 986 1065 concupiscentiam
1016 999 1107 1042 suam
1136 975 1168 1041 in
1195 997 1276 1054 eam,

211 1083 294 1160 unde
316 1100 425 1150 natum
448 1083 548 1150 filium
572 1083 689 1152 dicunt.
735 1084 828 1150 Hunc
852 1102 957 1150 autem
983 1085 1085 1172 ipsum
1110 1105 1178 1148 esse
1200 1082 1276 1149 Nun

211 1191 244 1256 in
266 1189 365 1278 figura
388 1193 538 1280 serpentis
549 1193 582 1246 (²)
605 1207 796 1274 contortum,
815 1191 927 1258 dehinc
943 1207 973 1257 et
988 1190 1144 1278 spiritum,
1161 1205 1191 1255 et
1210 1190 1277 1254 ani-

212 1320 309 1378 mam,
329 1314 359 1364 et
382 1299 489 1364 omnia
509 1297 691 1366 mundialia:
711 1298 783 1365 inde
798 1313 978 1386 generatam
995 1319 1126 1363 omnem
1141 1293 1276 1362 oblivio-

212 1425 295 1486 nem,
312 1419 342 1469 et
361 1404 524 1486 malitiam,
539 1420 569 1470 et
584 1406 698 1486 zelum,
715 1421 745 1471 et
763 1404 926 1486 invidiam,
943 1420 973 1470 et
989 1420 1136 1470 mortem.
1182 1402 1275 1468 Hunc

211 1527 316 1576 autern
348 1511 621 1600 serpentilormem
652 1529 684 1578 et
709 1529 891 1580 contortum
921 1513 998 1579 Nun
1028 1533 1139 1578 eorum
1175 1509 1274 1576 adhuc

211 1617 311 1704 magis
325 1618 474 1683 evertisse
489 1618 613 1684 Patrem
630 1617 738 1685 dicunt
755 1620 962 1697 tortuositate,
984 1640 1083 1706 quum
1101 1632 1184 1682 esset
1202 1639 1276 1682 cum

211 1723 301 1790 Patre
324 1726 466 1812 ipsorum
490 1727 523 1791 in
547 1726 634 1792 caelo
658 1742 688 1793 et
711 1727 745 1792 in
763 1724 919 1815 paradiso.

278 1833 308 1896 6.
332 1830 425 1898 Unde
448 1831 655 1899 exsultantem
670 1831 891 1899 laldabaothl³l
907 1833 939 1898 in
958 1830 1106 1898 omnibus
1129 1830 1179 1896 his
1196 1852 1276 1917 quae

211 1935 267 2003 sub
283 1960 322 2004 eo
346 1955 449 2005 essent
471 1939 652 2026 gloriatum,
667 1955 696 2005 et
712 1936 843 2005 dixisse:
862 1967 883 2002 «⁴
892 1939 961 2027 Ego
978 1939 1069 2005 Pater
1085 1955 1115 2004 et
1131 1938 1229 2017 Deus,
1246 1954 1276 2002 et

216 2071 232 2108 u
244 2067 337 2132 super
359 2069 411 2111 me
434 2069 529 2112 nemo
541 2074 572 2112 u.
618 2045 807 2114 Audientem
831 2062 935 2113 autem
967 2063 1101 2112 matrem
1125 2044 1276 2111 clamasse

210 2148 358 2218 adversus
381 2175 472 2218 eum:
502 2179 518 2216 u
529 2153 604 2220 Noli
629 2153 766 2234 mentiri,
788 2151 984 2220 Ialdabaoth:
1008 2168 1056 2218 est
1078 2153 1164 2218 enim
1184 2172 1277 2239 super

142 2239 148 2250 ’
212 2285 228 2320 u
243 2274 274 2324 te
297 2274 382 2346 pater
405 2260 549 2326 omnium
574 2260 695 2348 primus
718 2257 911 2347 Anthropus‚
933 2275 963 2324 et
986 2258 1171 2346 Anthropus
1194 2255 1276 2323 filius

211 2419 318 2489 beabat]
332 2424 380 2487 τὴν
392 2423 503 2482 ἔννοιαν,
515 2424 562 2472 καί
574 2427 700 2487 γεννῆσαι
711 2424 756 2473 τὸν
769 2423 825 2473 υἱόν
838 2460 844 2472 .
857 2461 881 2475 ..
900 2423 1064 2491 ὁφιὸμορφον
1076 2421 1105 2480 bi
1119 2423 1200 2486 αὐτῆς
1220 2457 1244 2472 ..
1256 2439 1276 2486 .;

210 2512 268 2560 aisa
275 2511 451 2576 καυχώμενον
504 2513 600 2561 εἰπεῖν·
616 2509 711 2575 «Ἐγὼ
725 2511 792 2572 Θεὸς
802 2513 848 2560 καί
858 2511 957 2576 Πατήρ,
967 2513 1014 2561 καὶ
1024 2512 1088 2574 ὑπὲρ
1098 2511 1145 2573 ἐμὲ
1154 2506 1275 2569 abbeie».

210 2601 265 2664 Τὴν
283 2601 314 2650 δὲ
333 2601 435 2664 μητέρα
454 2600 653 2666 δυσχεράνασαν
672 2601 810 2666 durbonum.
828 2601 916 2665 αὐτῷ·
939 2601 1005 2664 «Μὴ
1026 2601 1126 2664 ψεύδου
1154 2599 1276 2662 ἔστιγὰρ

214 2691 301 2753 αὑπὲρ
313 2691 344 2740 οὲ
357 2691 449 2755 Πατὴρ
461 2691 592 2752 ἁπάντων,
604 2694 709 2754 πρῶτος
724 2689 890 2753 Ἀνθρωπος
901 2692 948 2740 καί
961 2688 1123 2752 Ἄνθρωπος
1135 2688 1194 2749 Υἱὸς
1213 2686 1274 2737 Ἀν-

246 2849 287 2916 (ι)
307 2847 326 2899 l.
353 2863 376 2899 e.
400 2863 467 2917 quae
491 2864 507 2899 a
531 2847 645 2901 Prunico
669 2864 715 2901 seu

211 2943 295 2984 matre
314 2930 411 3001 Sophia
430 2931 553 2985 derelicta
572 2944 637 2996 erat,
655 2933 716 2986 sub-

209 3015 300 3068 tractis
321 3015 473 3068 melioribus
493 3033 560 3086 quae
583 3017 615 3070 ad
640 3017 714 3070 illam

211 3099 392 3152 adhaeserant.
416 3099 537 3153 Imitatur
548 3101 715 3171 insciusope-

210 3199 239 3236 ra
263 3184 364 3247 matris,
385 3195 410 3236 et
433 3183 460 3236 in
484 3184 535 3237 hoc
558 3184 634 3237 huius
657 3185 714 3237 vin-

211 3267 308 3321 dictam
328 3269 416 3322 sentit.

245 3357 287 3420 (2)
306 3353 337 3406 ln
362 3354 552 3425 antiquissimis
579 3355 715 3427 mytholo-

209 3438 259 3508 giis
278 3439 343 3492 haec
368 3450 406 3492 est
431 3437 515 3509 figura
541 3439 595 3509 ipsa
614 3438 713 3492 Chaos.

210 3523 282 3577 llaec
312 3525 421 3578 recurrit
452 3524 481 3577 iu
508 3523 583 3577 Pistis
614 3523 715 3595 Sophia,

210 3609 278 3678 apud
299 3608 430 3663 Iustinum
458 3609 618 3680 gnosticum,
636 3609 715 3663 Pera-

210 3703 250 3745 tas
268 3705 317 3746 etc.
357 3693 432 3747 Nous
446 3693 654 3764 serpentisormis
670 3694 713 3747 hic

209 3787 248 3829 est
269 3776 367 3829 vindex
390 3777 493 3842 matris,
517 3793 568 3847 qua
591 3777 636 3829 illa
664 3777 714 3828 uti-

208 3871 252 3914 tur
265 3861 298 3914 ad
309 3861 493 3931 decipiendum
505 3871 532 3914 et
541 3861 715 3914 evertendum

208 3945 324 3999 Patrem.
353 3945 457 3999 -·His
480 3945 534 3999 iam
560 3945 714 4016 praeambu-

208 4029 273 4094 lum,
288 4041 317 4082 ut
336 4030 373 4083 ita
391 4030 488 4093 dicam,
503 4031 601 4083 iactum
615 4041 664 4095 est,
682 4029 716 4082 ad

208 4112 455 4183 interpretationem
485 4114 612 4168 historiae
641 4114 716 4168 bibli-

208 4213 255 4251 cae
279 4215 346 4269 quae
367 4211 424 4252 tota
446 4199 493 4252 sub
516 4199 557 4253 his
582 4199 716 4270 principiis

769 2847 836 2900 redit
855 2847 888 2900 ad
910 2848 1009 2900 luctam
1031 2846 1101 2899 inter
1121 2845 1277 2898 laldabaoth

768 2943 916 2984 creatorem
935 2931 1037 2994 mundi,
1049 2931 1176 2984 materiae
1195 2940 1221 2982 et
1240 2930 1276 2982 lc·-

768 3014 817 3085 gis‚
836 3026 861 3068 et
881 3013 1008 3084 Sophiam
1022 3030 1090 3084 quae
1108 3013 1182 3065 illum
1202 3027 1276 3065 ever-

768 3110 824 3151 tere
847 3110 872 3151 et
895 3114 975 3169 opera
1000 3098 1055 3151 eius
1081 3097 1117 3149 illi
1143 3096 1277 3166 subripere

769 3195 860 3236 certat.
906 3183 1025 3236 Primum
1048 3181 1205 3252 episodium,
1223 3197 1278 3251 quo

769 3269 838 3320 lucta
858 3279 884 3321 et
903 3267 1066 3321 liberationis
1084 3283 1150 3336 opus
1168 3265 1276 3318 inchoa·

768 3364 820 3421 tur,
845 3365 883 3405 est
903 3353 1002 3406 creatio
1020 3351 1145 3404 hominis.
1191 3349 1276 3403 Multa

769 3435 1277 3505 huiusmodiinCubbalaaliisquetheol.

770 3520 918 3574 rabbinicae
942 3520 1044 3590 scriptis
1063 3520 1228 3590 reperiuntur
1250 3536 1277 3571 a·

769 3606 917 3658 dumbrata.

805 3690 848 3759 (3)
867 3689 975 3743 Creatio
989 3689 1106 3742 hominis
1118 3706 1171 3759 seq.
1185 3688 1214 3757 §5
1229 3685 1274 3756 6-7

769 3775 931 3828 describitur.
957 3774 1058 3828 irenaei
1069 3774 1187 3827 narratio
1196 3775 1277 3844 longe

769 3877 847 3930 super
866 3859 959 3912 sabulis
973 3859 1110 3930 Hippolyti
1123 3870 1149 3912 et
1165 3859 1276 3911 detortis

769 3943 846 3997 Pistis
858 3943 963 4015 Sophiae
982 3942 1169 4015 posterioribus
1188 3943 1276 3994 elucu-

769 4028 933 4082 brationibus
952 4040 1076 4099 praestat,
1091 4027 1215 4080 omnibus
1227 4027 1278 4080 cri-

769 4114 829 4168 ticis
847 4114 1082 4176 consentientibus,
1101 4124 1127 4166 et
1145 4111 1277 4165 inexsisti·

770 4200 875 4253 mabilis
894 4215 999 4270 prorsus
1018 4199 1094 4270 pretii
1113 4209 1161 4252 est.
