3274 5100
215 461 300 530 (XVI,
323 462 406 532 r-a)‚]
611 465 701 512 unna
723 464 887 510 secuuous
1218 463 1278 530 355

215 657 320 725 medio
348 659 565 737 constitutum,
595 674 625 724 et
649 657 785 724 multum
809 681 826 724 a
851 659 941 724 Patre
974 677 1161 746 separatum,
1192 659 1283 746 igno-

215 789 299 832 rasse
323 766 539 854 Propatorem.
586 767 620 834 si
651 783 755 832 autem
783 765 858 832 haec
889 764 1034 846 dixerint,
1066 767 1098 832 in
1129 764 1228 854 figura
1252 784 1283 833 et

215 873 506 960 circumscriptione
536 872 723 939 concludent
747 871 887 959 Bythum
913 874 1065 960 ipsorum,
1094 888 1125 938 et
1148 873 1283 939 circum-

214 977 352 1060 dantem,
369 995 398 1044 et
415 977 661 1046 circumdatum:
674 995 827 1066 cogentur
846 980 932 1044 enim
951 996 981 1045 et
997 995 1082 1044 extra
1102 979 1191 1045 illum
1208 1002 1284 1045 con·

215 1083 294 1150 literi
318 1108 386 1151 esse
405 1084 532 1172 aliquid,
548 1085 631 1173 quod
647 1084 819 1152 circumdet
839 1109 923 1152 eum.
970 1086 1009 1152 Et
1028 1085 1234 1153 nihilominus
1250 1086 1282 1151 in

216 1192 409 1257 immensum
445 1190 483 1257 de
514 1191 561 1257 his
596 1193 650 1279 qui
684 1193 845 1260 continent
879 1208 910 1258 et
946 1193 1146 1258 continentur
1169 1190 1283 1258 incidet

215 1320 339 1363 sermo:
370 1314 401 1364 et
423 1320 555 1385 corpora
582 1298 702 1365 inclusa
728 1321 796 1365 esse
824 1321 936 1366 omnes
969 1297 1132 1366 manifeste
1156 1321 1283 1386 appare-

216 1403 347 1470 bunt.(¹)
1264 1411 1266 1416 ’

281 1531 311 1596 7.
336 1510 442 1600 [WH.
464 1510 556 1590 XVI,
576 1505 621 1602 )’].
668 1511 781 1578 Adhuc
796 1512 891 1578 etiam
908 1527 959 1578 aut
975 1535 1110 1578 vacuum
1125 1535 1193 1578 esse
1207 1534 1282 1578 eum

214 1615 454 1697 confitebuntur,
469 1635 521 1684 aut
544 1641 641 1685 omne
659 1616 744 1706 quod
763 1635 811 1686 est
828 1619 908 1685 intra
928 1641 1002 1684 eum
1022 1641 1133 1684 omnes
1143 1619 1177 1672 (²³
1195 1620 1283 1685 simi-

215 1725 283 1790 liter
307 1724 532 1813 participabunt
547 1722 586 1792 de
609 1725 710 1791 Patre.
758 1723 1041 1807 Quemadmodum
1066 1726 1099 1791 in
1121 1747 1199 1813 aqua
1223 1727 1283 1791 cir-

215 1831 352 1897 colossi
382 1834 452 1920 quis
488 1831 588 1912 faciat,
616 1832 666 1898 vel
698 1831 847 1900 rotundas
874 1832 925 1898 vel
959 1831 1122 1920 quadratas
1156 1831 1281 1920 figuras,

215 1939 321 2003 omnia
346 1937 420 2004 haec
444 1940 586 2005 similiter
605 1939 830 2028 participabunt
848 1938 886 2008 de
903 1963 995 2030 aqua:
1011 1938 1281 2027 quemadmodum

214 2062 244 2110 et
268 2067 346 2132 quae
370 2046 402 2110 in
426 2055 495 2111 aere
520 2043 718 2128 fabricantur,
738 2069 865 2114 necesse
881 2063 927 2113 est
943 2047 1124 2134 participare
1139 2045 1178 2113 de
1194 2056 1281 2128 abre3

215 2168 245 2218 et
268 2173 346 2238 quae
370 2152 402 2217 in
427 2151 555 2232 lumine,
580 2150 618 2218 de
641 2152 779 2218 lumine:
804 2154 848 2218 sic
872 2169 901 2220 et
924 2154 978 2242 qui
1002 2167 1074 2218 sunt
1093 2154 1172 2219 intra
1196 2177 1281 2234 eum,

214 2281 327 2323 omnes
346 2258 489 2324 similiter
513 2255 737 2345 participabunt
753 2258 791 2326 de
810 2259 913 2342 Patre,
936 2260 1112 2348 ignorantia
1127 2259 1208 2347 apud
1227 2283 1281 2326 eos

214 2363 321 2429 locum
341 2387 406 2430 non
429 2363 571 2430 habente.
618 2363 682 2431 Ubi
693 2365 727 2418 (³)
749 2367 836 2432 enim
855 2366 1048 2454 participatio
1064 2366 1166 2433 Patris
1182 2365 1282 2434 adim-

214 2471 345 2552 plentis;
380 2472 406 2536 si
441 2487 546 2537 autem
570 2470 762 2559 adimplevit,
787 2472 849 2538 illic
873 2489 904 2540 et
926 2473 1101 2560 ignorantia
1125 2496 1189 2540 non
1212 2475 1280 2540 erit.

215 2577 360 2643 Solvetur
383 2577 477 2664 igitur
500 2579 643 2665 ipsorum
666 2577 929 2646 deminorationis
952 2601 1056 2668 opera,
1080 2595 1111 2646 et
1135 2580 1281 2646 materiae

216 2685 356 2764 emissi0‚
381 2701 410 2750 et
430 2684 547 2772 reliqua
572 2683 683 2751 mundi
708 2684 880 2766 fabricatio,
903 2709 981 2774 quae
1012 2709 1050 2752 ex
1081 2686 1225 2774 passione
1253 2702 1281 2752 et

214 2791 389 2876 ignorantia
408 2790 518 2856 volunt
542 2789 747 2857 substantiam
766 2790 921 2858 habuisse.
967 2791 1001 2858 Si
1021 2807 1125 2859 autem
1145 2814 1280 2857 vacuum

213 2897 302 2962 illum
332 2895 572 2978 confitebuntur,
596 2899 628 2963 in
653 2899 824 2964 maximam
848 2897 1020 2966 incidentes
1043 2897 1280 2987 blasphemiam,

211 3001 409 3090 denegabunt
443 3001 474 3069 id
505 3001 589 3091 quod
620 3020 667 3070 est
699 3005 834 3092 spiritale
865 3007 943 3072 eius.
996 3004 1279 3088 Quemadmodum

212 3109 296 3173 enim
320 3125 367 3174 est
391 3109 537 3196 spiritalis
561 3111 598 3190 is,
622 3110 675 3198 qui
699 3133 739 3176 ne
773 3109 900 3198 quidem
932 3134 967 3177 ea
1002 3133 1081 3199 quae
1104 3111 1185 3178 intra
1207 3135 1280 3178 eum

212 3231 294 3295 sunt,
318 3214 489 3303 adimplere
509 3217 632 3303 potest?

280 3322 309 3386 8.
336 3320 439 3411 [WH.
464 3321 558 3402 XVI,
584 3321 629 3412 4].
676 3322 760 3388 Haec
793 3339 908 3406 autem,
931 3347 1010 3413 quae
1034 3322 1116 3392 dicta
1147 3341 1219 3392 sunt
1242 3325 1280 3392 de

212 3449 322 3492 sensus
346 3427 527 3510 emissione,
551 3429 693 3494 similiter
716 3444 747 3495 et
766 3429 916 3496 adversus
939 3454 1004 3512 eos,
1028 3434 1082 3518 qui
1106 3455 1123 3499 a
1148 3432 1281 3500 Basilide

210 3551 293 3614 sunt,
317 3550 417 3622 aptata
442 3551 531 3602 sunt:
557 3551 587 3600 et
610 3532 769 3601 aduersus
779 3536 915 3625 reliquos
936 3538 1117 3619 Gnostic05,
1132 3562 1149 3605 a
1167 3538 1280 3628 quibus

210 3655 240 3704 et
264 3638 295 3705 hi
318 3640 405 3706 initia
430 3643 638 3707 emissionum
663 3643 860 3730 accipientes,
877 3645 1013 3710 convicti
1039 3647 1159 3712 suntin
1176 3647 1279 3733 primo

209 3744 333 3813 libro.(⁴)
380 3747 439 3814 Sed
463 3749 614 3836 quoniam
641 3749 768 3837 quidem
797 3748 998 3837 reprobabilis
1022 3768 1051 3817 et
1075 3750 1278 3840 impossibilis

245 3938 287 4004 (a)
307 3937 326 3990 1.
346 3954 370 3991 e.
391 3939 496 3992 Aeones
521 3957 614 3992 omnes
637 3957 715 4010 appa·
771 3944 860 4007 αὐτοῦ,
879 3947 976 4008 πάντες
994 3943 1092 4010 ὁμοίως
1110 3957 1169 4008 etc„
1187 3944 1232 3998 clr.
1249 3945 1279 3998 f-

209 4023 301 4075 rebunt
317 4039 375 4076 esse
387 4040 497 4094 corpora
509 4024 617 4077 inclusa.
631 4025 714 4079 Mass.
771 4044 834 4080 nem
852 4028 951 4098 periodi
972 4045 1045 4099 seqq.

245 4108 286 4173 (2)
313 4107 483 4161 Constructio
512 4112 584 4161 κατὰ
613 4112 715 4163 σύνεσιν
808 4113 850 4179 (3)
869 4111 921 4166 Pro
939 4112 1026 4183 ubique
1045 4112 1111 4165 sicut
1131 4125 1156 4167 et
1176 4113 1249 4166 alias.

209 4206 284 4244 more
299 4189 477 4246 Graecorum:
497 4196 514 4261 ῆ
534 4197 564 4246 τὸ
585 4197 637 4247 πᾶν
662 4199 715 4249 ἔσω
806 4198 848 4264 (4)
868 4195 951 4268 Capp.
963 4211 1109 4251 xxix-xxx
1123 4200 1277 4268 praesertim
