3288 5060
236 463 324 534 (XIV,
345 464 429 534 2-3).]
666 464 756 510 cruere
781 463 895 510 sumus
1246 465 1309 530 239

1039 561 1305 572 —-———-

238 675 348 745 typum
383 679 452 722 esse
486 652 593 721 dicunt
628 656 694 721 eius
729 655 901 735 suavitatis,
931 677 1010 743 quae
1044 654 1084 720 sit
1118 678 1209 743 super
1240 657 1311 722 uui-

239 785 337 829 versa.

303 893 333 954 4.
381 868 488 958 [WH.
512 868 604 948 XIV,
629 867 676 959 5].
723 865 865 950 Quidam
890 883 994 934 autem
1018 889 1131 934 eorum
1155 865 1309 935 adducere

237 975 364 1062 quidam
388 973 426 1040 ad
450 997 563 1063 aquam
596 997 826 1063 supervacuum
857 997 926 1040 esse
949 971 1075 1054 dicunt;
1099 973 1308 1041 admiscentes

238 1097 343 1148 autem
362 1081 469 1148 oleum
485 1098 516 1146 et
531 1103 644 1170 aquam
660 1081 693 1148 in
709 1103 820 1162 unum,
839 1103 913 1148 cum
931 1078 1119 1169 quibusdam
1138 1080 1307 1169 prophanis

237 1185 436 1268 dictionibus,
449 1185 604 1254 similibus
615 1210 694 1275 quae
710 1185 932 1275 praediximus,
945 1189 1074 1253 mittunt
1086 1209 1179 1275 super
1194 1210 1306 1256 eorum

237 1311 329 1383 caput
358 1295 411 1381 qui
442 1309 618 1360 sacrantur:
647 1309 677 1359 et
707 1293 768 1360 hoc
800 1316 869 1359 esse
901 1291 1150 1380 redemptionem
1184 1291 1306 1359 volunt.

238 1401 369 1489 Ungunt
393 1416 497 1466 autem
514 1416 545 1464 et
563 1399 621 1487 ipsi
641 1398 857 1490 opobalsamo.
903 1399 966 1465 Alii
985 1415 1089 1465 autern
1105 1397 1180 1466 haec
1200 1399 1307 1465 omnia

237 1521 427 1586 recusantes
450 1505 568 1588 dicunt,
592 1529 658 1573 nou
686 1522 832 1593 oportere
855 1503 1068 1572 inenarrabilis
1090 1521 1121 1572 et
1143 1503 1308 1572 invisibilis

238 1613 361 1679 virtutis
385 1613 572 1700 mysterium
591 1634 644 1700 per
663 1611 799 1678 visibiles
816 1629 847 1678 et
865 1610 1082 1699 corruptibiles
1102 1609 1207 1699 perfici
1222 1633 1309 1678 crea-

237 1735 337 1785 turas:
354 1735 385 1786 et
401 1741 531 1807 eaquae
548 1735 652 1784 mente
667 1719 790 1807 concipi
806 1741 870 1784 non
886 1735 1027 1807 possunt,
1043 1734 1074 1785 et
1089 1718 1307 1806 incorporalia,

238 1843 269 1891 et
284 1822 486 1906 insensibilia,
501 1847 556 1912 per
571 1823 728 1891 sensibilia
744 1841 774 1892 et
793 1825 975 1914 corporalia.
1022 1825 1098 1892 Esse
1117 1842 1223 1892 autern
1239 1848 1308 1913 per·

239 1929 352 1999 sectam
377 1931 637 2019 redemptionem,
661 1933 762 2020 ipsam
785 1933 978 2020 agnitionem
1002 1930 1215 2000 inenarrabilis
1239 1955 1308 1998 ma·
1396 1991 1401 2000 .

238 2037 419 2126 gnitudinis.
466 2038 510 2104 Ea
528 2040 624 2120 enirn,
648 2062 727 2127 quae
750 2055 822 2104 sunt
840 2038 879 2105 de
898 2040 1072 2128 ignorantia
1088 2037 1164 2104 labis
1187 2055 1219 2105 et
1237 2061 1307 2127 pas-

239 2147 328 2211 sione
352 2143 431 2212 facta
451 2167 505 2232 per
528 2146 722 2233 agnitionem
745 2145 888 2224 dissolvi,
905 2147 1089 2211 universum
1112 2147 1306 2232 ignorantiae

239 2267 366 2332 statum,
391 2253 435 2317 uti
460 2253 499 2317 sit
528 2251 644 2339 agnitio
675 2249 850 2339 redemptio
882 2251 1038 2318 interioris
1071 2249 1221 2320 hominis.
1267 2251 1306 2316 Et

239 2381 339 2446 neque
362 2358 557 2446 corporalem
577 2381 645 2424 esse
661 2381 731 2425 earn
747 2356 965 2447 (corruptibile
984 2360 1069 2424 enim
1089 2375 1135 2426 est
1154 2358 1305 2448 corpus);

239 2581 279 2654 τῷ
291 2573 482 2654 lupanares
501 2571 677 2658 βαλσάμου·
694 2575 797 2656 τὸγὰρ
811 2581 1001 2658 μῶροντοῶτο
1012 2573 1104 2637 τύπον
1114 2583 1167 2658 τῆς
1178 2573 1254 2658 ὑπὲρ
1269 2575 1307 2635 τὰ

239 2677 296 2742 blut
313 2676 437 2754 εὐωδίας
455 2679 529 2742 είνοιι
547 2677 694 2762 λέγουσιν.

304 2805 335 2868 4.
359 2783 455 2848 Ἔνιοι
474 2782 502 2846 δ’
519 2785 616 2848 αὐτῶν
633 2786 667 2847 τὸ
686 2787 740 2867 μὲν
758 2783 844 2868 ἄγειν
859 2785 908 2849 ἐπὶ
926 2787 961 2850 το
980 2787 1058 2871 ὓδωρ
1073 2789 1216 2871 περισσὸν
1233 2785 1307 2849 είναι

238 2891 396 2976 φίσκουσι,
414 2889 547 2976 μίξαντες
562 2891 595 2954 δὲ
614 2891 715 2957 ἔλαιον
732 2893 786 2955 καὶ
803 2892 881 2976 ὕδωρ
897 2893 947 2956 ἐπὶ
961 2895 995 2956 τὸ
1011 2894 1094 2974 αὐτὸ,
1110 2891 1176 2976 μετ’
1188 2891 1306 2976 ἐτπρρή

238 3019 317 3061 σεων
341 2997 543 3084 ὁμοιοτρόπων
565 3001 612 3074 αίς
633 2999 864 3084 προειρήκαμεν,
892 2999 1085 3086 ἐπιβάλλουσι
1118 3008 1157 3084 τή
1186 2998 1306 3083 napoli]

239 3112 297 3168 τῶν
318 3103 547 3188 τελειουμένων·
570 3107 622 3170 καὶ
644 3105 725 3172 τοῦτ’
744 3108 817 3170 εἶναι
848 3109 902 3190 τήν
931 3106 1138 3191 ἀπολύτρωσιν
1169 3105 1305 3171 θέλουσι.

239 3208 402 3294 Μυρίζουσι
417 3210 450 3273 δὲ
465 3212 519 3274 καί
536 3212 619 3274 αὐτοὶ
637 3219 679 3294 τῷ
698 3210 856 3297 βαλσάμῳ.
903 3210 1015 3276 Ἀλλοι
1033 3211 1077 3294 δέ,
1096 3219 1191 3274 ταῦτα
1208 3211 1306 3274 πάντα

238 3315 503 3402 παραιτησάμενοι,
522 3317 672 3399 φάσκουσι
696 3321 736 3403 μὴ
760 3318 820 3382 δεῖν
838 3322 871 3382 τὸ
889 3328 942 3403 τῆς
960 3317 1089 3403 ἀρρήτου
1107 3320 1160 3382 καί
1177 3317 1306 3403 ἀοράτου

238 3421 390 3507 δυνάμεως
401 3423 560 3507 μυστήριον
571 3421 610 3486 δι’
622 3423 736 3508 ὁρατῶν
748 3427 800 3487 καὶ
811 3424 953 3508 φθαρτῶν
965 3423 1171 3488 ἐπιτελεῖσθαι
1181 3423 1307 3509 κτισμά-

237 3551 305 3612 των,
323 3531 376 3592 καί
398 3537 456 3594 τῶν
479 3529 660 3616 ἀνεννοήτων
682 3533 735 3594 καὶ
758 3531 923 3612 ἀσωμάτων
946 3529 984 3594 δι’
998 3531 1153 3616 αἰσθητῶν
1173 3533 1227 3596 καί
1250 3552 1307 3596 σω·

237 3645 380 3719 ματιιιῶν.
428 3636 514 3701 srvat
536 3637 569 3701 δὲ
592 3638 709 3702 τελείαν
731 3637 937 3720 ἀπολύτρωσιν
959 3640 1051 3722 αὐτήν
1074 3641 1127 3722 τήν
1149 3637 1307 3723 ἐπίγνωσιν

237 3751 290 3806 τοῦ
301 3742 431 3828 ἀρρήτου
444 3743 611 3829 μεγέθους·
628 3742 680 3809 ὑπ’
695 3743 817 3830 ἀγνοίας
832 3747 891 3830 γὰρ
906 3744 1110 3830 ὑστερήματος
1126 3747 1179 3809 καὶ
1189 3744 1308 3820 πίθους

237 3845 415 3934 γεγονότων,
430 3851 479 3914 διὰ
494 3849 633 3936 γνώσεως
648 3851 858 3916 καταλύεσθαι
873 3861 975 3915 πᾶσαν
988 3855 1041 3936 τήν
1061 3853 1099 3916 ἐκ
1115 3861 1168 3936 της
1186 3849 1308 3936 ἀγνοίας

238 3954 398 4020 σύστασιν·
425 3960 504 4021 ὥστε
529 3958 603 4021 είναι
626 3960 680 4042 τὴν
706 3967 815 4042 γνῶσιν
841 3957 1047 4043 ἀπολύτρωσιν
1073 3966 1126 4021 τοῦ
1152 3957 1236 4022 ἔνδον
1257 3957 1307 4020 ἀν·

239 4061 373 4147 θρὼπου.
420 4063 483 4128 Καὶ
504 4063 581 4148 μήτε
602 4067 777 4149 σωματικήν
795 4064 941 4150 ὑπάρχειν
956 4067 1058 4149 αὐτήν,
1078 4062 1230 4151 (φθαρτὸν
1247 4067 1307 4148 γὰρ

237 4171 272 4232 σὺ
282 4163 406 4257 σῶμα)·
426 4169 502 4254 μήτε
514 4170 657 4256 ψυχικήν,
673 4170 740 4235 ἐπεὶ
753 4173 806 4235 καί
820 4171 840 4254 ή
855 4171 941 4255 ψυχή
960 4167 993 4246 ἐξ
1010 4169 1215 4256 ὑστερήματὸς
1232 4169 1305 4251 ἐστι,
