3238 5090
193 533 330 602 (XXXVI,
342 535 429 604 2-3).]
587 538 678 584 LIBER
700 537 864 583 SECUNDUS
1200 536 1263 602 421

191 729 244 797 sed
269 748 300 798 et
324 752 434 797 sensus
462 729 615 797 habemus
646 732 801 820 quinque:
826 747 856 797 et
879 753 959 820 quae
994 732 1027 798 in
1050 730 1167 796 nostris
1194 746 1267 796 sunt

192 836 374 918 visceribus,
394 837 426 903 in
445 837 581 925 quinque
601 855 733 925 possunt
751 839 922 919 numerari,
942 861 1007 920 cor,
1027 853 1057 904 et
1076 837 1181 926 hepar,
1199 837 1266 924 pul-

193 967 315 1024 mones,
340 943 438 1032 splen,
463 961 493 1010 et
517 966 619 1011 renes
665 943 777 1011 Adhuc
797 945 891 1011 etiam
909 960 994 1010 totus
1013 943 1113 1011 homo
1129 945 1162 1010 in
1180 943 1265 1010 hunc

191 1073 361 1118 numerum
378 1067 480 1138 potest
495 1048 604 1132 dividi,
621 1067 723 1138 caput,
742 1068 861 1138 pectus,
877 1068 996 1131 venter,
1013 1049 1144 1133 femora,
1162 1049 1265 1138 pedes.

193 1159 344 1246 Quinque
367 1173 482 1224 aetates
505 1159 616 1224 transit
648 1157 823 1223 humanum
847 1180 961 1246 genus:
987 1160 1126 1245 primum
1151 1157 1265 1240 infans,

192 1263 303 1331 deinde
316 1285 402 1351 puer,
421 1262 532 1331 deinde
552 1264 710 1351 parvulus,
728 1280 845 1352 etpost
864 1265 924 1330 hoc
944 1263 1077 1344 iuvenis,
1093 1265 1137 1330 sic
1155 1262 1267 1331 deinde

194 1371 308 1436 senior.
355 1371 391 1436 ln
413 1372 550 1458 quinque
573 1367 660 1436 libris
690 1371 810 1458 Legem
834 1369 951 1458 populo
975 1371 1106 1458 Moyses
1129 1369 1264 1437 tradidit.

194 1479 407 1567 Unaquaeque
430 1475 533 1544 tabula
555 1499 651 1565 quam
672 1478 788 1564 accepit
812 1500 829 1543 a
848 1478 930 1559 De0,
950 1494 1112 1565 praecepta
1136 1477 1266 1545 habebat

193 1586 339 1672 quinque.
354 1584 388 1636 (¹)
432 1583 586 1650 Velamen
610 1601 753 1649 sanctum
778 1599 960 1650 sanctorum
983 1585 1179 1671 cooperiens,
1213 1605 1266 1649 co-

193 1691 315 1756 lumnas
332 1687 463 1756 habebat
478 1691 625 1778 quinque.
641 1691 675 1744 (²)
720 1689 759 1756 Et
775 1689 951 1756 holocausti
967 1692 1072 1770 altare,
1091 1688 1222 1755 altitudo
1232 1688 1267 1742 (³)

193 1797 260 1862 eius
284 1811 348 1862 erat
371 1796 509 1882 quinque
532 1793 722 1861 cubitorum.
770 1794 953 1862 Sacerdotes
976 1794 1010 1859 in
1032 1816 1142 1861 eremo
1176 1793 1264 1860 electi

194 1918 265 1967 sunt
288 1901 437 1988 quinque,
475 1899 594 1966 scilicet
627 1902 746 1982 Aaron,
781 1897 903 1979 Nadab,
925 1898 1040 1981 Abiud,
1076 1899 1212 1982 Eleazar,
1236 1916 1267 1966 et

193 2007 340 2074 Ithamar.
356 2008 389 2060 (⁴)
434 2006 571 2089 Talaris,
586 2024 617 2073 et
632 2007 765 2094 logium,
781 2024 812 2073 et
827 2007 944 2094 reliqua
961 2005 1160 2074 sacerdotalis
1177 2029 1267 2072 com-

192 2115 307 2203 positio
330 2113 369 2181 de
392 2115 529 2202 quinque
554 2129 697 2180 contexta
728 2129 818 2180 sunt:
843 2111 997 2180 habebant
1025 2113 1109 2179 enim
1141 2135 1264 2193 aurum,

193 2239 223 2286 et
247 2218 465 2308 hyacinthum,
484 2237 515 2287 et
534 2243 716 2308 purpuram,
740 2237 769 2286 et
789 2221 967 2302 coccinum,
985 2237 1017 2286 et
1036 2219 1179 2306 byssum.
1226 2219 1265 2285 Et

192 2328 329 2416 quinque
358 2348 447 2414 reges
481 2325 802 2392 Amorrhaeorum(⁵>
824 2327 857 2392 in
887 2327 1043 2413 speluncis
1073 2322 1264 2392 concludens

193 2435 279 2500 lesus
302 2435 403 2516 Nave,
426 2433 525 2522 capita
548 2454 660 2500 eorum
684 2433 831 2498 inculcari
861 2432 945 2500 dedit
970 2431 1097 2520 populo.
1144 2432 1183 2499 Et
1205 2431 1264 2498 alia

193 2563 317 2630 quoque
341 2541 439 2607 multa
463 2539 561 2606 millia
585 2538 779 2619 huiusmodi,
804 2539 889 2605 etin
922 2538 982 2605 hoc
1006 2561 1151 2618 numero,
1174 2553 1204 2603 et
1232 2537 1264 2602 in

192 2641 1264 2737 qmmwfflmmmmwmmmmmfflmmm

193 2773 319 2821 naturae
331 2753 479 2843 operibus
495 2752 642 2840 colligere
658 2768 774 2840 potest:
791 2768 821 2817 et
837 2774 902 2818 non
919 2752 981 2816 iam
997 2748 1038 2817 ob
1055 2749 1115 2817 hoc
1127 2752 1264 2839 quinque

193 2863 318 2926 Aeonas
342 2882 410 2926 esse
433 2858 568 2925 dicimus
602 2879 695 2945 super
730 2858 954 2945 Demiurgum,
988 2879 1046 2922 nec
1080 2857 1263 2946 quinionem

193 2968 280 3054 quasi
305 2982 339 3032 ut
361 2965 500 3032 divinam
521 2987 588 3030 rem
608 2964 745 3051 aliquam
764 2985 998 3044 consecramus,
1017 2985 1074 3030 nec
1099 2961 1264 3042 instabilia,

193 3094 250 3137 nec
272 3071 476 3138 deliramenta
499 3093 690 3159 perranum
714 3071 811 3136 istum
831 3068 970 3137 laborem
991 3069 1178 3137 confirmare
1196 3086 1264 3136 ten-

193 3195 306 3260 tamuS,
330 3201 431 3266 neque
447 3196 621 3245 creaturam
638 3177 715 3244 bene
735 3195 869 3264 aptatam
889 3201 906 3242 a
922 3177 1004 3257 Deo,
1021 3177 1165 3263 cogimus
1182 3176 1263 3242 male

193 3288 224 3353 in
247 3304 341 3374 typos
365 3309 429 3353 non
453 3287 669 3353 exsistentium
704 3285 876 3366 transferri,
906 3302 936 3352 et
967 3285 1063 3372 impia
1093 3301 1124 3350 et
1147 3283 1263 3352 nefaria

191 3393 342 3480 dogmata
365 3393 574 3474 introducere,
593 3415 692 3481 quum
712 3391 848 3460 detectio
871 3411 901 3460 et
917 3393 1041 3459 eversio
1060 3389 1098 3458 ab
1114 3390 1263 3458 omnibus

193 3523 321 3566 sensum
345 3498 529 3566 habentibus
552 3501 651 3586 possit
674 3499 833 3567 exsistere.

264 3627 291 3692 5.
317 3605 424 3697 [WH.
449 3592 608 3685 XXXVI,
631 3603 676 3694 5].
702 3605 754 3672 De
777 3627 898 3686 uranus,
923 3625 963 3671 er·
988 3625 1092 3684 nonu,
1115 3625 1156 3672 aa
1179 3625 1262 3670 unu-

229 3845 271 3909 (1)
290 3841 344 3895 Cir.
364 3841 419 3894 Ios.
438 3841 524 3894 Fcav.
546 3841 633 3912 Antip.
655 3841 702 3905 111,
757 3839 818 3892 ibid.
841 3853 880 3906 3²·

192 3925 222 3990 63
241 3926 358 3980 Panos.
378 3925 465 3980 Decal.
489 3937 516 3980 et
534 3924 588 3979 sere
607 3941 703 3980 omnes
791 3925 833 3992 (ς)
846 3921 900 3975 Cfr.
916 3921 998 3976 Exod.
1019 3919 1130 3986 XXVII,
1153 3937 1175 3986 r,
1194 3919 1264 3990 quod

192 4010 399 4064 Thalmudistas.
446 4010 500 4062 Alii
519 4025 583 4064 vero
601 4009 701 4074 Patres,
756 4025 810 4061 non
830 4008 905 4078 plene
924 4019 1052 4060 consonat
1069 4007 1192 4060 Irenaeo.

193 4107 221 4148 ut
238 4095 334 4159 Crem,
348 4095 431 4159 Auo,
442 4095 576 4158 Annuus,
589 4105 702 4164 quatuor
792 4095 831 4158 (4)
851 4091 906 4145 cfr.
927 4091 1009 4144 Exod.
1031 4089 1156 4156 XXVIII,
1179 4105 1206 4142 r:
1231 4088 1264 4140 de

192 4179 219 4232 iu
240 4179 332 4250 prima,
348 4195 393 4232 sex
406 4178 434 4231 in
453 4179 536 4232 altera
555 4189 665 4250 ponunt.
755 4187 828 4230 veste
847 4187 873 4230 et
892 4175 965 4245 logio
983 4187 1032 4228 etc.
1049 4173 1111 4228 ibid.
1134 4187 1209 4241 5-15.
1267 4219 1271 4228 .

228 4261 528 4330 (uenenaxxvt,
542 4262 642 4332 37;sed
655 4261 683 4316 cf
694 4301 701 4314 .
791 4262 833 4328 (ς)
852 4259 945 4322 Iosuc,
964 4258 998 4324 X,
1020 4273 1050 4326 17
1070 4275 1125 4328 sqq.

263 4473 638 4529 mmmfflffln
1156 4451 1190 4506 W
