3274 5100
347 487 409 554 312
632 489 761 538 rufinam
784 489 943 537 abversus
967 489 1122 538 naeuusus
1196 489 1411 559 [1,4-5-11‚1-2

344 683 501 763 Pleroma,
524 700 554 749 et
574 706 666 772 super
689 684 765 752 illud
781 707 889 752 rursus
908 683 1002 766 aliud,
1018 701 1048 751 et
1064 707 1155 772 super
1171 685 1311 772 Bythum
1326 686 1411 752 aliud

344 790 470 878 pelagus
494 791 566 872 Dei,
590 807 620 856 et
642 814 660 856 a
683 791 830 858 lateribus
853 807 958 858 autem
983 791 1126 858 similiter
1148 790 1258 858 eadem
1277 814 1363 858 esse:
1377 793 1414 846 (¹)

344 913 375 963 et
397 898 442 973 sic
465 898 498 962 in
521 900 715 964 immensum
738 898 898 966 excidente
922 900 1085 981 sententia,
1108 914 1138 965 et
1161 921 1285 986 semper
1304 921 1414 965 neces-

344 1004 418 1070 sitas
436 1004 494 1070 erit
512 1005 689 1092 excogitare
711 1005 805 1071 altera
824 1005 1012 1084 Pleromata,
1036 1021 1066 1072 et
1084 1005 1198 1071 alteros
1221 1005 1353 1092 Bythos,
1380 1022 1413 1074 et

345 1133 518 1198 numquam
548 1109 714 1198 aliquando
744 1112 925 1192 consistere,
958 1134 1081 1200 semper
1119 1127 1302 1200 quaerentes
1333 1111 1414 1180 alios

344 1231 463 1303 praeter
486 1212 596 1282 dictos.
645 1216 711 1284 Erit
734 1233 839 1283 autem
863 1217 1029 1298 incertum,
1049 1232 1232 1282 utrumnam
1255 1215 1331 1286 haec
1348 1218 1413 1286 sint

345 1321 505 1406 deorsum,
528 1345 608 1410 quae
631 1341 703 1390 sunt
726 1321 900 1392 secundum
923 1346 992 1404 nos,
1013 1347 1051 1390 an
1068 1323 1144 1390 haec
1167 1325 1233 1412 ipsa
1250 1327 1413 1412 superiora

345 1432 425 1510 sint;
446 1447 475 1497 et
498 1453 577 1519 quae
599 1429 745 1498 dicuntur
763 1429 801 1497 ab
816 1433 861 1498 eis
877 1453 1015 1512 sursum,
1031 1447 1213 1497 utrumnam
1230 1453 1355 1498 sursum
1371 1455 1412 1498 an

345 1535 493 1604 deorsum
517 1538 641 1605 sinae>
656 1553 686 1605 et
708 1538 813 1604 nullus
837 1553 934 1604 status
960 1560 1060 1626 neque
1083 1535 1216 1603 firmitas
1240 1537 1414 1604 continebit

345 1667 473 1710 sensum
497 1661 652 1725 nostrum,
677 1643 730 1711 sed
754 1645 785 1709 in
809 1645 984 1710 immensos
1009 1642 1146 1710 mundos
1176 1660 1206 1710 et
1229 1641 1414 1711 indetermi-

345 1768 435 1817 natos
458 1749 535 1817 deos
557 1750 705 1818 excedere
724 1751 892 1816 necessitas
916 1751 983 1816 erit.

414 1879 442 1945 5.
467 1858 505 1923 Et
523 1881 622 1946 quum
647 1857 721 1924 haec
738 1859 781 1923 sic
801 1881 834 1923 se
854 1856 1000 1937 habeant,
1019 1857 1232 1944 unusquisque
1250 1855 1327 1924 deus
1347 1857 1413 1922 suis

344 1980 510 2032 contentus
524 1966 594 2046 erit,
610 1981 639 2030 et
655 1987 720 2030 non
739 1964 861 2030 curiose
877 1980 948 2051 aget
962 1961 1001 2030 de
1017 1962 1143 2029 alienis:
1164 1965 1190 2028 si
1208 1986 1272 2051 quo
1292 1964 1411 2044 minus,

346 2073 478 2138 iniustus
501 2073 559 2137 erit
593 2087 624 2137 et
657 2094 769 2137 avarus
799 2087 829 2136 et
853 2092 977 2136 cessans
1000 2092 1068 2136 esse
1091 2069 1175 2158 quod
1199 2070 1331 2136 Denso>
1354 2087 1412 2135 est.

346 2179 384 2244 Et
405 2201 606 2267 unaquaeque
630 2177 768 2244 conditio
798 2200 891 2242 suum
915 2174 1134 2242 fabricatorem
1157 2174 1356 2264 glorificabit,
1381 2193 1412 2242 et

345 2287 414 2372 ipso
437 2281 596 2350 sufficiens
630 2284 698 2364 erit,
733 2298 763 2348 et
793 2282 927 2349 alterum
958 2304 1023 2349 non
1046 2283 1275 2370 cognoscet:(⁴)
1298 2284 1324 2348 si
1348 2305 1413 2369 quo

346 2392 462 2470 minus,
478 2407 616 2478 apostata
632 2389 802 2455 iustissime
814 2386 852 2453 ab
868 2387 1015 2454 omnibus
1032 2387 1174 2468 iudicata,
1191 2388 1411 2477 dignissimam

345 2498 498 2586 concipiet
517 2519 661 2586 poenam.
710 2496 847 2584 Oportet
863 2496 947 2560 enim
964 2513 1015 2561 aut
1031 2519 1131 2561 unum
1146 2518 1214 2562 esse
1229 2497 1283 2584 qui
1302 2497 1412 2562 omnia

345 2605 493 2684 continet,
517 2620 547 2669 et
570 2605 602 2669 in
625 2604 690 2668 suis
715 2601 787 2669 fecit
809 2600 1055 2690 unumquodque
1087 2623 1198 2670 eorum
1229 2625 1308 2690 quae
1332 2601 1412 2668 facta

345 2728 427 2792 sunt,
450 2708 719 2798 quemadmodum
742 2711 809 2796 ipse
832 2708 943 2790 voluit,
966 2724 1018 2774 aut
1042 2709 1159 2775 multos
1182 2731 1289 2775 rursus
1309 2726 1339 2775 et
1364 2711 1414 2776 in·

344 2816 567 2885 determinatos
592 2815 724 2882 factores
748 2833 777 2882 et
795 2815 882 2896 deos,
898 2813 936 2881 ab
955 2816 1092 2883 invicem
1107 2815 1235 2904 quidem
1259 2818 1413 2905 incipien-

343 2942 401 3004 τες,
424 2923 622 3000 adinvicem
657 2939 762 2989 autem
785 2921 960 2989 desinentes
985 2945 1189 3010 peromnem
1213 2940 1355 3010 partem:
1381 2940 1413 2991 et

343 3030 421 3096 alios
449 3052 561 3095 omnes
584 3052 601 3094 a
625 3027 701 3095 foris
732 3025 769 3094 ab
801 3027 898 3093 altero
928 3027 1067 3114 quodam
1096 3029 1215 3094 maiore
1245 3029 1411 3110 contineri,

343 3154 373 3202 et
386 3136 471 3202 velut
483 3136 621 3202 inclusos
633 3151 663 3202 et
677 3135 709 3190 (ί)
722 3150 884 3201 manentes
904 3135 936 3200 in
952 3136 1017 3200 suis
1030 3158 1285 3223 unumquemque
1298 3157 1413 3202 eorum

379 3293 420 3360 (r)
439 3291 494 3346 cfr.
516 3291 542 3344 id
561 3290 641 3344 fusius
660 3290 727 3344 infra
743 3309 765 3344 c.
786 3289 849 3342 XVI

344 3377 502 3446 expositum.

380 3460 422 3527 (2)
441 3459 461 3512 I.
479 3476 504 3513 e.
525 3461 553 3512 in
577 3471 652 3513 tanta
679 3459 849 3512 multitudine

343 3543 524 3597 Pleromatum
543 3561 599 3596 sese
619 3545 651 3596 ad
670 3545 785 3597 invicem
806 3544 849 3596 de·

344 3625 493 3680 finientium
506 3627 563 3697 quis
576 3628 744 3680 securitatem
761 3626 848 3691 saciet,

344 3711 464 3764 Pleroma
478 3710 695 3764 Valentinianum
712 3728 851 3782 supernos

343 3813 408 3860 esse,
428 3808 453 3850 et
469 3814 524 3849 non
543 3797 629 3867 potius
649 3796 715 3849 infr-a
735 3813 784 3850 nos
805 3813 850 3867 po·

343 3880 444 3933 situm?
482 3879 562 3944 Quod
581 3881 687 3951 gravius
699 3880 851 3934 inhaereti-

344 3980 389 4017 cos
409 3963 528 4018 offendit.

380 4051 422 4116 (3)
442 4049 513 4102 Deus
526 4049 598 4102 enim
612 4049 722 4102 iniustus
742 4061 768 4103 et
789 4068 850 4102 ava-

347 4151 389 4185 rus
401 4134 502 4204 concipi
513 4134 612 4204 nequit.
649 4133 726 4196 Quae
739 4151 851 4206 sequun-

341 4229 385 4269 tur
415 4231 475 4271 sunt
505 4231 533 4270 ut
565 4219 719 4272 ostendatur
746 4221 849 4272 nullum

903 3291 1000 3344 horum
1018 3290 1105 3344 Deum
1124 3307 1186 3344 vere
1205 3292 1413 3360 omnipotentem

904 3392 969 3440 esse,
997 3376 1015 3428 i.
1045 3391 1066 3428 e.
1095 3392 1188 3428 verum
1215 3374 1317 3437 Deum;
1338 3393 1413 3436 narn,

903 3477 984 3530 quum
1003 3477 1049 3530 par
1073 3459 1142 3513 iuter
1160 3475 1235 3530 pares
1254 3460 1296 3524 sit,
1316 3461 1412 3530 nequit

903 3543 960 3596 sine
978 3543 1106 3596 iniustitia
1125 3542 1152 3595 iu
1171 3543 1237 3595 alios
1262 3542 1326 3596 deos
1347 3543 1412 3614 quid

905 3645 989 3699 posse.

939 3715 982 3780 (4)
1005 3713 1082 3766 Prob.
1108 3715 1247 3780 ἑξιρευνᾰν
1265 3735 1283 3757 ·-
1301 3713 1414 3766 investi·

906 3799 971 3870 gari.

941 3883 983 3952 (5)
998 3881 1074 3936 Prob.
1093 3884 1111 3948 ἠ
1130 3879 1177 3934 καί
1195 3881 1221 3933 id
1240 3898 1262 3934 e.
1283 3893 1327 3933 aut
1348 3898 1415 3934 con-

904 3980 958 4020 tra:
971 3983 1035 4019 nam
1051 3965 1171 4018 «includi
1182 3982 1197 4017 a
1210 3965 1332 4017 maiores
1347 3965 1415 4018 dici-

905 4065 947 4104 tur
965 4052 998 4104 de
1017 4052 1100 4121 prima
1119 4049 1261 4122 hypothesi
1281 4049 1324 4101 ubi
1344 4067 1415 4102 unus

904 4147 943 4189 est
956 4135 1040 4198 Deus3
1057 4155 1070 4184 a
1079 4150 1187 4186 manere
1201 4133 1229 4185 in
1244 4133 1297 4186 suis
1315 4150 1415 4185 unum·

908 4239 922 4268 α
931 4236 1061 4290 quemque
1070 4239 1083 4269 .›
1103 4217 1130 4271 in
1144 4216 1273 4288 opposita,
1285 4227 1315 4268 ut
1329 4228 1414 4287 patet.
