3238 5090
198 502 309 570 (χχχι,
332 502 415 571 1.3),]
596 501 685 549 triten
707 501 872 548 SECUNDUS
1203 497 1261 564 395

198 700 355 768 ordinatas
379 699 496 765 esse.(¹)
541 699 575 766 Si
594 699 680 764 enim
704 713 768 764 erat
791 698 852 763 hoc
875 719 998 776 verum,
1016 696 1137 783 primus
1160 695 1267 782 utique

199 805 335 894 Caiphas
359 828 504 872 summus
529 803 684 884 sacerdoS,
709 820 739 870 et
757 805 877 886 Annas,
896 819 926 869 et
946 802 1056 890 reliqui
1076 802 1196 868 summi
1218 823 1268 866 sa-

198 914 340 982 cerdotes
359 921 403 997 <et
422 913 499 1002 legis
521 912 691 995 doctores),
707 927 738 978 et
756 912 911 999 principes
934 909 1041 998 populi
1064 906 1267 976 credidissent

198 1023 352 1102 Domin0,
372 1022 405 1087 in
427 1043 497 1086 eam
522 1021 744 1108 cognationem
768 1017 1049 1098 concurrentes;(²l
1067 1033 1098 1083 et
1116 1030 1187 1082 ante
1207 1015 1266 1082 hoc

199 1129 293 1194 etiam
316 1124 458 1193 Herodes
481 1147 544 1192 rex.
592 1125 756 1206 Quoniam
780 1141 885 1190 autem
909 1146 965 1189 nec
990 1123 1051 1202 hic,
1071 1145 1128 1188 nec
1147 1123 1266 1188 summi

200 1231 386 1311 sacerdoteS,
405 1253 462 1297 nec
481 1232 535 1319 qui
553 1246 725 1318 praeerant,
748 1253 850 1318 neque
872 1229 946 1296 clari
965 1227 1003 1295 de
1023 1228 1140 1316 populo
1159 1248 1267 1294 accur-

201 1357 308 1406 rerunt
324 1341 367 1422 ei;
386 1339 439 1406 sed
455 1362 473 1405 e
487 1338 645 1406 contrario
660 1339 713 1425 qui
734 1354 820 1402 erant
837 1338 868 1402 in
885 1337 944 1402 viis
961 1335 1096 1403 mendici
1113 1335 1266 1418 sedentes,

200 1449 295 1529 surdi,
310 1463 341 1514 et
360 1447 454 1528 caeci,
473 1463 503 1512 et
519 1469 536 1512 a
555 1445 681 1532 reliquis
701 1442 962 1510 conculcabantur
977 1461 1007 1509 et
1024 1442 1267 1510 contemneban-

199 1573 260 1637 tur,
279 1551 548 1644 quemadmodum
573 1569 603 1619 et
626 1552 741 1618 Paulus
765 1553 820 1617 ait:
847 1549 990 1616 «Videte
1017 1552 1102 1616 enim
1127 1552 1267 1616 vocatio-

205 1691 220 1724 «
233 1685 305 1728 nem
325 1677 474 1740 vestram,
494 1658 614 1737 fratres,
633 1659 782 1746 quoniam
807 1680 871 1724 non
895 1657 986 1723 multi
1010 1658 1163 1744 sapientes
1186 1655 1265 1745 apud

206 1791 303 1846 «vos,
325 1788 383 1832 nec
407 1764 540 1844 nobiles
564 1787 664 1853 neque
697 1763 812 1842 fortes;
845 1761 898 1829 sed
926 1786 1005 1852 quae
1036 1762 1161 1829 fuerunt
1191 1785 1268 1829 con-

203 1903 217 1937 «
233 1871 416 1960 temptibilia
437 1869 557 1954 mundi,
574 1870 666 1958 elegit
681 1871 768 1936 Deus
780 1894 811 1949 »3
823 1869 857 1923 (Ι)
874 1893 939 1936 non
963 1871 1066 1957 itaque
1090 1886 1177 1936 erant
1201 1893 1269 1936 me-

200 1980 294 2045 liores
323 1979 400 2044 tales
432 1979 555 2044 animae
590 1992 715 2064 propter
746 1977 875 2042 seminis
906 1975 1137 2064 depositionem
1167 1999 1267 2065 neque

200 2103 326 2175 propter
349 2085 409 2152 hoc
433 2081 721 2150 honorificabantur
744 2106 761 2148 a
784 2084 971 2172 Demiurgo

266 2197 297 2260 8.
322 2193 381 2284 [3].
428 2191 466 2259 Et
485 2190 522 2258 de
546 2214 585 2257 eo
603 2189 743 2279 quidem,
761 2190 845 2279 quod
865 2192 905 2256 sit
923 2191 1029 2278 regula
1053 2191 1195 2279 ipsorum
1219 2193 1267 2258 in-

200 2301 292 2368 firma
310 2319 339 2368 et
356 2299 519 2382 instabilis,
534 2297 635 2365 adhuc
651 2299 744 2364 etiam
762 2314 792 2364 et
808 2321 897 2380 vana,
914 2298 1072 2366 sufficiunt
1087 2323 1166 2388 quae
1185 2299 1268 2367 dicta

200 2426 282 2475 sunt.
327 2409 396 2474 Nec
420 2407 505 2473 enim
529 2421 664 2492 oportet,
687 2403 772 2492 quod
797 2405 876 2470 solet
898 2405 971 2488 dici,
994 2407 1179 2473 universum
1202 2406 1267 2472 ebi-

200 2514 272 2583 bere
296 2538 382 2582 mare
405 2537 479 2580 eum
502 2514 556 2601 qui
580 2512 655 2578 velit
678 2510 798 2578 discere
821 2515 972 2601 quoniam
995 2536 1074 2601 aqua
1097 2516 1164 2580 eius
1188 2514 1267 2581 salsa

200 2623 296 2687 est.(⁴)
342 2620 401 2687 Sed
431 2617 702 2706 quemadmodum
733 2635 832 2685 statua
856 2617 894 2685 de
918 2619 983 2685 luto
1015 2619 1105 2702 facta,
1129 2620 1266 2688 colorata

199 2744 302 2794 autem
328 2725 502 2815 superficie,
519 2742 552 2792 ut
572 2741 696 2813 putetur
719 2746 811 2791 aurea
835 2747 903 2790 esse
926 2748 1004 2812 quae
1028 2727 1067 2793 sit
1087 2727 1179 2809 lutea,
1197 2729 1267 2816 qui-

201 2858 336 2922 cumque
359 2834 489 2920 accipiet
508 2855 545 2897 ex
561 2855 596 2896 ea
616 2830 800 2918 particulam
821 2830 1094 2921 qualemcumque,
1111 2851 1140 2900 et
1156 2857 1267 2921 exape-

201 2944 283 3007 riens
307 2938 478 3006 ostenderit
502 2939 613 3018 lutum,
630 2934 771 3003 liberabit
791 2959 846 3003 eos
862 2939 914 3026 qui
931 2941 1095 3006 veritatem
1114 2957 1266 3029 quaerunt

201 3072 217 3114 a
233 3046 308 3114 falsa
326 3048 490 3136 opinione:
507 3043 618 3112 eodem
640 3042 738 3110 modo
753 3061 784 3110 et
800 3067 859 3111 nos
878 3068 943 3112 non
959 3045 1117 3114 modicam
1133 3063 1265 3136 partem,

202 3154 254 3221 sed
278 3176 415 3243 eaquae
442 3169 514 3218 sunt
542 3152 679 3217 maxima
712 3151 947 3217 continentialr)
969 3151 1093 3240 regulae
1124 3154 1265 3241 ipsorum

237 3308 352 3378 (1)Clr.
380 3309 476 3362 iterum
495 3307 516 3370 l,
534 3321 582 3371 vn,
610 3319 633 3373 3,
660 3305 704 3358 ubi
795 3311 837 3376 (4)
856 3309 909 3362 Cir.
938 3311 1086 3363 Arrianae.
1110 3309 1197 3382 Legat.
1220 3327 1265 3364 12:

202 3397 266 3448 ltaec
284 3410 378 3464 graece
396 3393 485 3446 habes.
763 3415 776 3444 «ι
786 3394 819 3447 Et
843 3396 908 3448 haec
933 3411 1012 3465 parva
1034 3395 1140 3465 quidem
1159 3396 1191 3449 de
1210 3413 1266 3448 ma-

237 3479 279 3545 (2)
297 3475 373 3546 Legit
401 3479 439 3540 εἰς
463 3477 554 3541 αὐτὴν,
580 3474 641 3527 loco
668 3477 706 3538 εἰς
763 3479 855 3550 «gnis,
868 3495 949 3548 pauca
969 3479 1001 3532 de
1014 3480 1104 3532 multis
1120 3480 1265 3533 retulimus.

201 3564 293 3627 αὑτήν,
312 3561 357 3613 scl.
377 3559 410 3612 ad
429 3575 504 3611 suam
526 3559 644 3629 ipsorum
662 3574 705 3610 co·
764 3563 858 3616 «Nam
877 3563 965 3634 etqui
985 3564 1038 3616 mel
1059 3576 1104 3617 aut
1127 3565 1265 3632 vinum(?)

109 3671 112 3683 =
200 3646 364 3716 gnationem,
378 3659 475 3713 nempe
493 3642 526 3694 ad
541 3641 706 3695 Salvatorem
764 3647 934 3717 «explorant,
960 3663 992 3700 ex
1017 3647 1110 3718 exigua
1136 3661 1210 3718 parte
1234 3649 1266 3702 de

201 3732 286 3799 (cuius
306 3730 354 3800 ipsi
374 3729 407 3782 ob
426 3728 498 3780 idem
517 3743 608 3780 semen
624 3726 706 3780 veluti
764 3743 843 3784 crota
856 3747 885 3784 re
903 3748 937 3784 an
956 3731 1025 3784 bona
1043 3731 1077 3784 sit
1096 3731 1263 3785 diiudicant»

200 3814 306 3885 cognati
316 3814 403 3880 erant)
414 3823 587 3864 accurrentes.
612 3809 707 3864 Caete-
761 3813 890 3883 (Gitana).

202 3917 259 3952 rum
279 3898 387 3951 attende
401 3913 452 3967 qua
468 3897 601 3950 evidentia
616 3896 659 3949 hic
674 3913 706 3948 ex
797 3901 839 3966 (5)
858 3899 966 3952 Buuus
985 3899 1028 3953 hic
1051 3903 1267 3956 συνικτικὼτατα

199 3983 320 4054 sequenti
332 3981 499 4052 oppositione
511 3979 635 4049 effulgeat
645 3980 707 4032 cha·
761 3983 884 4053 supponit
912 4000 1080 4054 expressum
1109 3987 1267 4039 vertendum

201 4080 285 4120 racter
313 4066 506 4120 aristocraticus
525 4063 706 4116 Gnosticismi.
761 4083 825 4120 vero
844 4067 941 4121 iudicat
964 4069 1104 4122 «maxime
1129 4071 1267 4124 continen-

236 4153 277 4220 (ς)
297 4151 308 4204 I
329 4150 389 4203 Cor.
409 4150 429 4213 l,
449 4147 552 4213 26-28;
579 4148 624 4200 sed
652 4164 706 4200 non
764 4149 838 4201 etia:
862 4150 878 4201 i.
898 4165 921 4202 e.
941 4151 1079 4220 praecipua
1105 4168 1135 4204 ac
1156 4153 1267 4204 maximi

201 4237 303 4306 integre
322 4234 436 4287 affertur.
765 4233 945 4303 «ponderis».
992 4234 1122 4287 Missum*
1149 4251 1213 4288 vero
1234 4239 1267 4287 τά
