3172 5044
166 496 203 564 (1,
226 497 277 566 zi]

596 500 684 546 tinen
709 501 822 546 trinus
1198 482 1237 565 83

169 697 249 762 Nun
274 714 305 762 et
334 697 506 777 Alethiam3
540 698 692 764 derivavit
720 714 824 764 autem
856 701 888 763 in
919 697 1001 764 hunc
1032 700 1186 780 Aeonem,
1217 697 1247 764 id

170 821 221 869 est
246 803 409 892 Sophiam,
433 802 638 886 demutatam,
663 804 720 870 sub
753 805 917 870 occasione
946 802 1073 892 quidem
1107 802 1247 870 dileetio-

170 910 235 989 nis,
258 910 441 976 temeritatis
465 927 580 990 autem,
600 910 750 996 quoniam
775 931 840 974 non
859 911 1147 977 communicaverat
1163 911 1246 975 Patri

170 1013 323 1101 perfecto
347 1015 616 1102 quemadmodum
649 1033 682 1081 et
707 1016 787 1082 Nus
841 1016 1025 1082 Passionem
1049 1034 1154 1082 autem
1177 1039 1245 1083 esse

170 1121 415 1208 exquisitionem
442 1123 556 1188 Patris:
579 1123 679 1188 voluit
698 1124 794 1202 enim,
810 1139 845 1187 ut
862 1121 980 1204 dicunt,
996 1121 1242 1210 magnitudinem

171 1227 241 1292 eius
272 1227 550 1314 comprehendere.
596 1229 719 1295 Dehinc
745 1252 844 1316 quum
868 1253 931 1295 non
954 1245 1070 1316 posset,
1093 1229 1241 1316 quoniam

171 1332 405 1420 impossibilem
431 1357 498 1400 rem
522 1335 752 1423 aggrederetur,
768 1337 800 1402 in
820 1359 933 1424 magna
956 1337 1068 1426 agonia
1092 1337 1243 1402 constitu-

171 1456 241 1504 turn
266 1457 392 1526 propter
416 1442 663 1530 magnitudinem
687 1441 866 1524 altitudinis,
886 1459 916 1509 et
939 1460 1065 1530 propter
1088 1442 1171 1530 quod
1195 1444 1244 1507 in-

171 1547 356 1634 vestigabile
380 1548 482 1614 Patris
505 1564 562 1628 est,
586 1565 616 1614 et
643 1565 768 1636 propter
791 1571 859 1614 eam
882 1572 961 1636 quae
985 1567 1049 1616 erat
1072 1573 1145 1636 erga
1168 1573 1241 1615 eum

171 1651 387 1734 dilectionem,
403 1677 502 1742 quum
527 1654 743 1720 extenderetur
767 1678 890 1741 semper
913 1657 946 1720 in
968 1657 1122 1742 priora,<¹)
1140 1681 1156 1721 a
1175 1654 1244 1722 dul-

173 1758 282 1825 cedine
305 1761 372 1825 eius
396 1762 570 1827 novissime
590 1761 670 1827 forte
688 1760 870 1850 absorptum
888 1760 1006 1842 fuisset,
1019 1779 1048 1829 et
1068 1763 1240 1828 resolutum

173 1868 205 1931 in
226 1869 405 1932 universam
428 1866 678 1948 substantiam,(²)
693 1868 753 1934 nisi
769 1869 807 1949 ei,
823 1890 902 1955 quae
918 1868 1093 1949 confirmat,
1113 1887 1142 1934 et
1158 1886 1243 1935 extra

174 2081 256 2144 ΔΧόῦν
273 2084 326 2145 καὶ
344 2085 398 2164 τὴν
418 2079 596 2164 Ἀλήθειαν,
617 2080 777 2165 ἀπέοκηψι
797 2081 830 2144 δὲ
849 2083 890 2156 εἰς
908 2091 1011 2145 τοῦτον
1026 2085 1077 2144 τὸν
1095 2103 1242 2166 παρατρα-

173 2187 277 2268 τιέντοι,
296 2189 445 2272 προφάσει
465 2191 520 2273 μὲν
539 2187 668 2272 ἀγάπης,
684 2187 797 2272 τόλμης
812 2187 856 2268 δὲ,
871 2189 919 2250 διὰ
934 2191 967 2251 τὸ
983 2189 1024 2271 μὴ
1040 2187 1243 2251 κεκοινῶοθαι

173 2303 215 2378 τῷ
239 2295 336 2379 Πατρὶ
355 2304 396 2376 τῷ
415 2294 532 2378 τελείῳ,
553 2294 660 2370 καθὼς
683 2296 735 2357 καὶ
758 2295 774 2357 ὁ
797 2294 888 2371 Νοῦς.
936 2294 980 2358 Τὸ
999 2296 1032 2357 δὲ
1051 2294 1152 2370 πάθος
1169 2296 1243 2357 εἶναι

173 2402 297 2484 ζήτησιν
316 2411 368 2464 τοῦ
388 2401 525 2484 Πατρός·
545 2400 642 2485 ἤθελε
660 2404 729 2485 γὰρ,
745 2401 785 2477 ὡς
801 2399 932 2485 λέγουσι,
949 2405 983 2464 τὸ
1003 2399 1134 2486 μέγεθος
1151 2403 1242 2464 αὐτοῦ

174 2507 373 2591 καταλαβεῖν·
407 2507 511 2571 ἔπειτα
535 2510 576 2591 μὴ
604 2507 778 2592 δυνηθῆναι,
802 2509 906 2571 διὰτὸ
930 2508 1064 2591 ἀδυνάτῳ
1091 2506 1242 2592 ἐπιβαλεῖν

175 2615 338 2698 πράγματι,
357 2616 410 2677 καὶ
432 2614 464 2676 ἐν
483 2623 526 2678 τῶ
545 2614 651 2698 πολλῷ
674 2615 752 2678 πάνυ
775 2617 866 2699 ἀγῶνι
889 2614 1058 2699 γενόμενον,
1082 2614 1130 2677 διά
1153 2635 1185 2677 τι
1208 2617 1242 2678 τὸ

175 2719 309 2804 μέγεθος
328 2731 380 2783 τοῦ
397 2721 519 2806 βάθους,
539 2723 592 2784 καὶ
610 2725 643 2784 τὸ
661 2720 881 2807 ἀνεξιχνίαστον
900 2731 953 2786 τοῦ
972 2722 1100 2806 Πατρὸς,
1120 2724 1172 2785 καὶ
1190 2725 1243 2804 τὴν

175 2831 249 2909 πρὸς
271 2830 361 2890 αὐτὸν
384 2832 523 2912 osup-(lp,
543 2827 746 2913 ἐκτεινόμενον
765 2833 811 2892 ἀεὶ
830 2830 879 2893 ἐπὶ
897 2835 930 2893 το
950 2827 1094 2914 πρόσθεν,
1114 2830 1172 2902 barb
1190 2839 1242 2912 τῆς

175 2934 361 3018 γλοκὺτητος
373 2937 463 2998 αὐτοῦ
475 2936 643 2999 τελευταῖον
659 2938 695 2997 ἂν
711 2933 955 3015 reversabatur,
971 2938 1023 2998 aad
1037 2934 1242 2998 ἀναλελύοθοιι

176 3043 216 3118 εἰς
234 3046 288 3126 τὴν
308 3043 382 3126 ὅλην
400 3042 512 3123 οὐσίαν,
529 3044 554 3106 εἰ
574 3047 615 3128 μὴ
630 3053 668 3127 τῇ
684 3044 862 3128 οτηριζοΰοῃ
878 3045 930 3106 καὶ
945 3044 1031 3118 ἐκτὸς
1046 3051 1098 3105 τοῦ
1115 3041 1242 3125 ἀρρήτου

739 3232 944 3272 «stemmata
970 3230 1066 3271 vocant
1091 3217 1242 3270 affectiones

739 3321 843 3374 «quum
859 3304 992 3366 humores,
1006 3304 1064 3355 loco
1079 3319 1158 3372 quem
1171 3300 1241 3370 prius

175 3221 283 3272 tationis
296 3220 378 3271 eadem
394 3233 433 3272 est
449 3237 499 3290 qua
515 3219 627 3272 mundus
643 3220 681 3271 in-

175 3303 682 3374 visibilisexstitit,etsidepravata(hinc

177 3389 210 3440 ibi
225 3389 251 3441 in
267 3390 394 3452 masculo,
404 3389 454 3441 hue
465 3389 492 3442 in
507 3387 627 3454 semina):
643 3399 682 3441 est

176 3473 247 3526 enim
267 3474 426 3526 desiderium
445 3473 484 3526 sui
505 3473 623 3544 principii
639 3490 682 3525 co·

176 3559 329 3626 gnosccndi‚
336 3576 388 3629 quo
395 3571 421 3612 et
428 3559 505 3611 Pater
513 3558 609 3611 emittit
619 3557 682 3610 Nun

176 3643 290 3696 similem
310 3643 333 3696 ei
352 3661 398 3714 per
417 3643 525 3696 omnia·
561 3641 597 3694 Ut
616 3643 681 3695 haec

177 3725 299 3780 identitas
312 3727 436 3798 graphice
452 3727 614 3788 exhibeatur,
625 3743 681 3796 pas-

176 3812 215 3865 sio
231 3811 296 3864 haec
311 3829 356 3880 per
372 3813 477 3865 Aeones
493 3811 682 3881 transmigrare

175 3897 270 3948 dicitur
281 3895 338 3965 (cir,
352 3896 389 3949 ht.
406 3895 439 3962 ll,
456 3913 496 3966 17,
510 3909 520 3962 5
537 3913 605 3968 sqq.;
618 3895 681 3948 Exc.

179 3979 269 4033 Tbeod.
286 3981 322 4049 7).
369 3981 486 4034 Attende
511 3981 592 4032 etiarn
621 3997 681 4032 curn

175 4061 270 4116 Gttast
297 4081 344 4134 pro
375 4065 558 4118 «derivavit»
589 4081 682 4134 graece

175 4165 269 4201 vocem
282 4149 390 4202 medicis
402 4150 526 4202 usitatam
540 4151 681 4216 ἀπὲοκηψι

175 4233 302 4297 adhiberi,
313 4234 345 4286 de
355 4251 406 4304 qua
418 4232 564 4286 Gattuus:
579 4253 592 4282 (ι
600 4232 624 4285 Α
632 4250 681 4302 ρο-

740 3388 921 3441 «infestabant
949 3388 1049 3449 relicto,
1075 3387 1101 3438 in
1130 3386 1240 3438 alterum

739 3494 753 3522 <r
763 3472 900 3525 confluunt
913 3493 939 3524 ν).
976 3471 1045 3525 Hinc
1062 3470 1147 3523 Τειιτ.
1168 3471 1184 3522 l.
1204 3487 1240 3523 c.:

739 3557 894 3610 «derivarat
908 3587 926 3594 -
942 3555 977 3607 ait
994 3585 1009 3594 -
1026 3567 1053 3608 ut
1073 3556 1158 3607 solent
1177 3553 1240 3607 vitia

739 3641 795 3692 rin
811 3656 948 3710 corpore
962 3641 1066 3706 (notul)
1077 3651 1200 3702 connata,
1214 3640 1240 3691 in

739 3746 752 3774 u
762 3725 831 3777 aliud
845 3725 993 3777 membrum
1011 3724 1152 3794 perniciem
1165 3741 1239 3776 suam

738 3830 752 3860 (τ
767 3809 855 3862 efflare
865 3829 889 3862 n.

772 3897 815 3963 (t)
834 3894 887 3947 Cir.
898 3912 946 3966 pro
956 3893 1036 3946 modo
1049 3892 1172 3963 loquendi
1182 3891 1240 3943 Phi·

736 3979 778 4048 h'p.
792 3978 837 4042 lll,
853 3993 878 4046 33
895 3979 978 4030 immo
992 3977 1087 4028 Paulus
1101 3974 1196 4044 ipsein
1212 3973 1240 4026 fi-

735 4079 800 4134 gura
815 4062 968 4115 Achamoth
983 4061 1120 4112 exhibetur
1130 4055 1201 4122 Vlll,
1217 4073 1240 4110 2.

772 4148 813 4216 (2)
833 4147 886 4200 ctr.
900 4146 986 4199 Terta.
1002 4145 1020 4198 l.
1035 4162 1057 4197 c.
1094 4143 1165 4196 Nota
1180 4148 1242 4212 poe·

735 4232 816 4284 ticam
837 4231 982 4301 imaginem
999 4229 1061 4280 tiroli
1075 4228 1144 4298 quod
1160 4227 1242 4280 semel
