3172 5044
327 407 369 472 40
741 407 981 454 nnotaoonnux

326 605 375 677 ab
403 604 447 676 Ir.
479 603 731 701 suppeditata
755 607 949 679 tractanda
968 621 1064 688 sunt,
1088 619 1128 676 ut
1151 605 1256 702 operi
1285 603 1395 677 simul

327 745 365 802 et
392 727 570 801 historiae
598 729 691 801 fides
719 745 900 809 servetur.

406 852 559 938 Verum,
581 876 629 925 ne
649 878 697 926 ex
717 878 831 950 saepe
850 853 1017 951 repetitis
1036 852 1186 950 longius
1205 878 1395 927 commen-

325 977 441 1052 tarius
455 978 697 1074 producatur,
711 979 871 1075 pretium
888 1004 1084 1052 censemus
1104 978 1229 1075 operis
1244 978 1273 1050 si
1289 1003 1394 1075 prae·

327 1103 445 1200 cipua,
467 1128 564 1200 quae
593 1102 702 1176 huius
730 1103 820 1175 artis
848 1128 921 1200 ope
950 1103 1067 1177 relata
1095 1118 1190 1188 sunt,
1213 1101 1325 1175 veluti
1357 1103 1393 1175 in

325 1226 486 1300 indicem
515 1243 553 1300 et
582 1243 826 1324 conspectum
855 1227 1111 1301 exhibeamus.

406 1351 545 1425 Gnosis
574 1351 775 1424 christiana
804 1354 909 1448 (narn
938 1353 986 1425 de
1014 1375 1060 1425 ea
1088 1368 1233 1425 tantum
1263 1353 1308 1425 lr.
1329 1377 1392 1425 res

326 1479 401 1575 est)
440 1503 488 1550 ex
525 1476 658 1574 triplici
697 1477 798 1550 lonte
835 1477 947 1550 ducta
989 1475 1099 1549 simul
1135 1476 1293 1562 videtur,
1332 1501 1394 1549 se-

326 1600 463 1684 mitico,
508 1599 690 1674 hellenico
732 1617 770 1693 et
803 1600 1014 1674 christiano.
1087 1599 1282 1674 Hellenica
1323 1626 1392 1673 seu

326 1723 514 1821 platonica
532 1741 589 1798 est
609 1728 712 1798 notio
730 1724 1023 1800 abstractissima
1041 1726 1126 1810 Dei,
1145 1751 1220 1822 qua
1238 1725 1394 1799 omnino

327 1847 485 1921 difficilis
506 1865 688 1947 conceptu
709 1849 749 1922 lit
768 1849 922 1947 quaevis
937 1851 1046 1924 huius
1060 1850 1133 1923 Dei
1150 1877 1234 1924 cum
1251 1852 1394 1923 mundo

326 1971 521 2047 habitudo:
561 1971 659 2057 item,
691 1973 827 2047 exinde
862 1973 1063 2071 praecipue
1096 1973 1309 2071 recipienda
1337 1975 1395 2046 vi-

325 2097 435 2171 detur
472 2096 574 2169 notio
611 2098 720 2170 huius
757 2086 1021 2194 adspectabilis
1053 2097 1181 2170 mundi
1218 2099 1330 2170 vacui
1355 2115 1395 2170 et

325 2221 414 2294 fluxi
443 2238 634 2319 tamquam
664 2221 905 2317 imperfectae
934 2222 1108 2319 imaginis
1133 2221 1260 2294 mundi
1281 2247 1394 2320 supe-

325 2348 441 2432 rioris
465 2348 605 2432 idealis,
622 2347 698 2419 vita
717 2373 760 2420 ac
780 2347 909 2444 spiritu
921 2349 1033 2443 pleni
1049 2353 1392 2442 (κήνωμα-πλὴρωμα).

325 2472 491 2544 Semitici
517 2472 668 2570 generis
687 2489 745 2545 est
764 2488 968 2569 conceptus
988 2472 1128 2544 entium
1148 2471 1274 2544 Deum
1295 2471 1394 2544 inter

325 2612 363 2668 et
408 2595 579 2670 homines
618 2597 825 2670 mediorum
865 2594 1108 2693 (archangeli,
1148 2593 1285 2693 angeli,
1324 2619 1393 2691 pa-

325 2720 520 2805 triarchae,
546 2724 637 2818 etc.)
667 2747 773 2818 quae,
807 2721 909 2794 iuxta
943 2719 1103 2818 gnosim,
1133 2719 1311 2792 Aeonum
1332 2718 1392 2791 vel

325 2844 546 2917 Archonton
578 2845 728 2918 nomine
753 2847 902 2928 donata,
926 2845 1053 2916 mundi
1083 2842 1284 2940 superioris
1313 2841 1392 2916 Ple-

326 2994 431 3042 roma
460 2968 677 3042 inhabitant.
736 2969 950 3042 Christiana
990 2970 1142 3041 demum
1175 2967 1309 3066 religio
1338 2969 1393 3040 la-

325 3119 425 3190 psus
457 3093 726 3191 redemptionis
753 3111 792 3167 et
819 3093 947 3168 salutis
967 3092 1139 3166 notiones
1158 3093 1387 3189 suppeditat,

326 3243 370 3291 ac
398 3216 522 3303 etiam,
554 3243 693 3316 magna
712 3244 760 3291 ex
794 3234 911 3315 parte,
943 3233 1163 3314 apparatum
1192 3231 1392 3290 externum

325 3341 518 3415 doctrinae
551 3342 838 3438 technicamque
875 3340 1188 3440 phraseologiam.
1247 3340 1392 3415 Verum

325 3469 419 3540 haec
447 3465 596 3565 singula
624 3493 698 3540 non
728 3467 779 3539 ita
807 3466 986 3563 cuiusque
1018 3467 1134 3563 partis
1160 3468 1322 3562 propria
1351 3483 1393 3540 ut

325 3591 462 3665 exinde
492 3590 598 3664 unice
628 3589 861 3675 deriventur;
892 3592 958 3663 sed
988 3590 1112 3688 potius
1140 3591 1177 3663 in
1198 3589 1258 3664 illa
1277 3616 1390 3688 pecu-

324 3715 403 3788 liari
432 3731 643 3811 temporum
662 3741 706 3788 ac
734 3715 942 3788 animorum
964 3714 1179 3787 conditione
1203 3738 1300 3810 quae
1320 3716 1391 3788 sub

325 3839 463 3912 Christi
492 3856 641 3936 tempus
675 3839 772 3912 lacta
801 3855 858 3911 est
892 3840 1082 3935 (quaeque
1117 3838 1234 3910 multo
1268 3837 1391 3936 magis

323 3989 437 4060 quam
466 3963 696 4050 Valentinus,
728 3965 857 4037 Simon
885 3963 945 4037 vel
974 3964 1086 4037 etiam
1116 3964 1221 4037 Philo
1240 3963 1391 4063 gnosim

324 4090 488 4188 peperit)
526 4088 702 4163 eclectice
737 4090 933 4186 permixta
966 4087 1210 4161 inveniantur.
1269 4088 1391 4164 Huius
