3230 5062
358 449 418 512 116
641 466 769 512 mourut
792 465 951 514 novemus
974 465 1129 512 neruosus
1287 462 1346 534 [vt
1369 481 1417 533 1-3

351 676 382 727 et
404 659 578 748 perfectum
602 658 694 726 fuerit
717 659 844 725 scientia
868 680 965 725 omne
989 658 1134 746 spiritale,
1153 658 1216 726 hoc
1238 677 1295 742 est,
1313 660 1419 752 [spiri-

349 765 439 858 tales]
459 766 680 854 homines,qui
698 764 868 854 perfectam
887 765 1080 853 agnitionem
1100 764 1214 833 habent
1234 766 1272 833 de
1289 768 1371 849 Deo,
1387 785 1419 834 et

349 871 382 939 hi
404 875 457 962 qui
473 872 511 939 ab
533 870 714 940 Achamoth
729 873 840 938 initiati
864 888 937 938 sunt
955 873 1118 958 mysteria:
1143 895 1211 940 esse
1230 890 1336 939 autem
1355 872 1416 940 hos

350 982 536 1069 semetipsos
555 978 672 1046 dicunt.

416 1108 445 1154 2.
469 1086 661 1154 Erudiuntur
679 1102 784 1154 autem
800 1085 947 1173 psychica
962 1084 1008 1168 <id
1030 1102 1078 1152 est
1096 1085 1257 1171 animalia>
1272 1085 1414 1174 psychici

348 1195 392 1278 <id
416 1211 462 1262 est
485 1192 650 1279 animales>
676 1191 834 1273 homines,
864 1193 916 1280 qui
940 1213 995 1280 per
1022 1193 1239 1279 operationem
1265 1209 1296 1258 et
1319 1191 1415 1261 fidem

347 1301 464 1367 nudam
490 1299 667 1379 firmantur,
694 1315 723 1364 et
747 1319 812 1363 non
834 1294 1004 1385 perfectam
1028 1297 1265 1383 agnitionem<¹l
1289 1295 1414 1364 habent.

348 1403 424 1468 Esse
446 1417 551 1467 autem
567 1400 626 1466 hos
649 1422 719 1480 nos,
735 1400 788 1487 qui
811 1421 922 1464 sumus
941 1396 978 1463 ab
993 1397 1142 1480 Ecclesia,
1158 1399 1277 1465 dicunt.
1325 1399 1417 1480 Qua-

346 1526 471 1596 propter
495 1523 525 1572 et
548 1504 639 1571 nobis
660 1503 789 1594 quidem
817 1503 1025 1570 necessariam
1049 1525 1117 1570 esse
1141 1503 1257 1570 bonam
1281 1527 1415 1572 conver-

347 1616 502 1681 sationem
532 1610 737 1700 respondent:
762 1610 849 1676 aliter
872 1612 957 1678 enim
981 1609 1175 1698 impossibile
1199 1634 1267 1677 esse
1290 1612 1414 1679 salvari.

346 1722 539 1808 Semetipsos
562 1735 667 1785 autem
691 1741 756 1784 non
778 1740 833 1807 per
856 1719 1081 1806 operationem,
1104 1716 1158 1784 sed
1182 1740 1220 1786 eo
1243 1717 1328 1806 quod
1352 1721 1415 1786 sint

346 1827 525 1894 naturaliter
548 1824 710 1914 spiritales,
734 1822 923 1891 omnimodo
950 1825 1061 1891 salvari
1084 1824 1202 1892 dicunt.
1250 1826 1416 1909 Quemad-

346 1933 478 2000 modum
510 1933 596 2000 enim
627 1931 773 1998 choicum
802 1930 997 2019 impossibile
1020 1949 1066 1998 est
1089 1932 1223 2000 salutem
1253 1936 1412 2022 percipere

346 2035 427 2126 (non
450 2037 536 2101 enirn
559 2057 627 2100 esse
654 2033 743 2099 illum
762 2055 907 2122 capacem
932 2034 1038 2100 salutis
1064 2033 1198 2124 dicunt),
1223 2036 1268 2101 sic
1297 2037 1414 2103 iterum

344 2142 428 2233 quod
459 2141 594 2230 spiritale
618 2140 718 2230 (quod
749 2141 935 2228 semetipsos
968 2163 1038 2206 esse
1066 2141 1194 2230 volunt)
1217 2142 1413 2230 impossibile

346 2271 414 2316 esse
439 2246 647 2336 corruptelam
671 2248 839 2334 percipere,
867 2246 939 2313 licet
962 2247 995 2312 in
1024 2246 1274 2338 quibuscumque
1299 2248 1413 2317 luerint

345 2414 379 2477 τὸ
401 2413 611 2494 πνευματικὸν,
630 2407 780 2473 τουτέστιν
802 2408 830 2471 οἱ
851 2411 1046 2492 πνευματικοὶ
1064 2409 1230 2494 ἀνθρωττοι,
1250 2411 1278 2472 οἱ
1297 2415 1349 2495 τὴν
1368 2435 1413 2477 τε-

344 2515 427 2581 λείαν
449 2525 558 2601 γνῶσιν
580 2517 700 2599 ἔχοντες
723 2516 790 2598 περὶ
812 2512 893 2578 Θεοῦ
907 2516 960 2578 καὶ
975 2515 1033 2578 ὑπὸ
1048 2524 1101 2598 τῆς
1120 2513 1279 2600 Ἀχαμὼθ
1296 2539 1411 2604 μεμυη-

345 2622 428 2708 μένοι
451 2622 613 2708 μυστήμια·
660 2623 733 2685 εἶναι
756 2621 789 2684 δὲ
812 2622 933 2698 τούτους
955 2621 1078 2698 ἑαυτοὺς
1100 2623 1299 2688 ὑποτίθενται.

414 2749 442 2794 2.
468 2727 714 2812 Ἐπαιδεΰθησαν
742 2729 775 2791 δὲ
798 2731 836 2791 τὰ
858 2729 976 2811 dopmni
998 2729 1025 2792 οἱ
1048 2729 1171 2814 ψυχικοὶ
1196 2731 1361 2814 ἀνθρωττοι,
1386 2732 1413 2796 οἱ

345 2834 382 2899 δι’
394 2838 490 2920 ἔργων
512 2837 564 2898 καὶ
586 2835 713 2911 πίστεως
734 2835 823 2918 ψιλῆς
846 2833 1057 2919 βεβαιούμενοι,
1081 2837 1134 2898 καὶ
1157 2815 1198 2919 μὴ
1221 2841 1275 2920 τὴν
1294 2837 1412 2901 τελείαν

344 2950 451 3027 γνῶσιν
478 2943 616 3026 ἔχοντες·
650 2943 724 3005 εἶναι
750 2941 784 3004 δὲ
810 2941 930 3016 τούτους
960 2942 1022 3004 ἀπὸ
1044 2951 1097 3026 τῆς
1121 2941 1308 3026 Ἐκκλησίας
1330 2945 1411 3028 ἡμᾶς

343 3047 481 3134 λέγουσι·
506 3048 550 3112 διὸ
573 3051 625 3112 καὶ
646 3048 716 3132 ἡμῖν
738 3050 792 3132 μὲν
815 3050 978 3132 ἀναγκαῖον
994 3049 1067 3112 εἶναι
1090 3050 1143 3131 τὴν
1166 3051 1289 3135 ἀγαθὴν
1305 3051 1410 3137 πρᾶξιν

343 3155 571 3240 ἀποφαίνονται·
596 3155 696 3231 ἄλλως
717 3157 776 3239 γὰρ
803 3155 947 3218 ἀδύνατον
973 3156 1130 3239 σωθῆναι·
1161 3155 1278 3234 Αὑτοῦς
1305 3158 1338 3220 δὲ
1367 3162 1409 3243 μὴ

343 3261 392 3326 δα
412 3261 556 3346 πράξεως,
580 3261 660 3326 ἀλλὰ
682 3261 731 3325 διὰ
749 3264 782 3326 τὸ
799 3261 887 3346 φύσει
909 3266 1128 3346 πνευματικοὺς
1148 3263 1233 3347 εἶναι,
1249 3263 1346 3350 τιὲιντη
1362 3267 1410 3347 <re

343 3371 396 3433 καὶ
417 3369 549 3453 πάντως)
578 3368 781 3452 σωθήσεσθαι
803 3366 1038 3451 δογματίζουσιν.
1090 3367 1146 3446 Ὡς
1169 3372 1227 3456 γὰρ
1250 3373 1283 3434 τὸ
1306 3374 1412 3456 χοϊκὸν

342 3475 485 3539 ἀδύνατον
508 3475 654 3559 σωτηρίας
677 3485 855 3560 μετασχεῖν·
886 3472 1017 3561 (οὐγὰρ
1047 3477 1121 3539 εἶναι
1149 3476 1287 3540 δεκτικὸν
1317 3479 1410 3561 αὐτῆς

342 3580 481 3666 λέγουσιν
502 3581 603 3669 αὐτοὶ)
625 3585 717 3659 οὕτως
739 3581 828 3646 πάλιν
850 3585 884 3644 rb
906 3585 1114 3666 πνευματικὸν,
1132 3584 1148 3648 ὃ
1164 3584 1248 3646 αὐτοὶ
1265 3584 1341 3647 εἶναι
1356 3582 1409 3647 θέ-

341 3689 453 3771 λουσιν,
468 3688 612 3753 ἀδὺνατον
626 3687 744 3773 φθορὰν
759 3686 994 3770 καταδέξασθαι,
1010 3690 1067 3773 κᾷν
1082 3687 1196 3766 ὁποίαις
1214 3689 1410 3776 συγκαταγέ-

377 3849 419 3919 (1)
438 3847 642 3920 Oppositionem
670 3851 739 3904 inter
766 3851 847 3917 ψιλὴν
904 3869 918 3898 u
928 3849 968 3901 rio
981 3849 1114 3902 salvandis
1127 3849 1161 3902 ob
1174 3849 1345 3904 discretivum
1357 3851 1411 3922 spi·

341 3931 425 3986 ττὶοτιν
449 3943 475 3985 et
495 3931 601 3986 τελείαν
618 3941 714 4000 γνῶσιν
733 3933 847 3988 ostendit
904 3933 1175 4004 «ritum,ognitionem
1188 3934 1341 4000 decernunt,
1352 3953 1410 3988 ma·

342 4016 429 4069 Creu.
441 4016 547 4086 (Strom.
558 4017 592 4084 11,
605 4036 627 4072 c.
640 4036 652 4088 3
669 4019 755 4086 init.):
772 4017 848 4071 uVa·
905 4017 968 4088 «gis
983 4018 1052 4070 hanc
1067 4019 1099 4070 ab
1118 4018 1172 4084 illa,
1191 4036 1271 4089 quarn
1290 4020 1410 4089 spiritale

345 4101 507 4154 ‹clentiniani
520 4104 595 4156 nobis
609 4116 637 4157 ut
646 4103 849 4174 simplicioribus
908 4103 962 4154 «ab
975 4103 1084 4156 animali
1097 4103 1193 4157 distare
1206 4116 1374 4158 autumantes
1384 4125 1409 4158 u.

344 4203 358 4231 ιι
367 4180 440 4242 fidem
459 4182 645 4250 adscribentes,
661 4185 718 4251 sibi,
731 4201 850 4239 necessa·
904 4187 957 4241 Ubi
972 4205 1065 4259 scopus
1080 4205 1194 4260 gnoseos
1207 4190 1315 4243 evidens
1331 4203 1378 4244 est.
