3230 5062
335 393 394 459 150
619 391 750 438 rnnunnr
775 393 936 439 novensos
959 393 1114 440 naereses
1221 391 1280 462 [1x‚
1298 393 1393 460 5-lt,1

400 607 428 673 5.
453 588 616 669 Quoniam
641 604 745 654 autem
777 610 888 656 scenae
921 588 994 656 huic
1022 586 1110 656 deest
1133 588 1296 668 redemtio,
1307 589 1340 642 (¹)
1365 604 1397 653 ut

328 695 399 782 quis
419 695 556 760 mimum
575 695 716 781 ipsorum
734 695 901 782 explicans,
913 695 946 748 (²)
968 693 1196 762 destructorem
1216 717 1396 761 sermonem

329 799 451 880 inferat,
476 799 554 867 bene
577 799 690 866 habere
713 802 892 888 putavimus
915 799 1079 867 ostendere
1102 802 1207 890 primo
1229 801 1261 866 in
1284 801 1398 888 quibus

331 909 389 995 ipsi
413 924 514 995 patres
538 906 631 972 huius
655 905 775 974 fabulae
809 907 985 996 discrepant
1020 907 1169 974 adversus
1193 909 1399 990 seinvicem,

330 1015 417 1102 quasi
440 1015 494 1101 qui
518 1015 580 1079 sint
603 1037 641 1080 ex
660 1015 754 1080 variis
778 1011 936 1101 spiritibus
952 1015 1077 1080 erroris.
1125 1015 1163 1080 Et
1182 1037 1219 1080 ex
1235 1014 1296 1082 hoc
1313 1016 1399 1081 enim

330 1119 493 1207 diligenter
516 1142 707 1207 cognoscere
735 1137 792 1202 est,
827 1137 857 1188 et
891 1143 929 1186 ex
964 1121 1154 1203 ostensione,
1177 1143 1248 1187 eam
1271 1119 1398 1187 firmam

330 1248 410 1314 quae
432 1224 470 1292 ab
502 1227 639 1292 Ecclesia
662 1224 855 1314 praedicatur
878 1229 1053 1308 veritatem,
1077 1245 1107 1294 et
1130 1227 1168 1294 ab
1188 1227 1236 1294 his
1259 1227 1290 1295 id
1314 1229 1397 1316 quod

331 1331 457 1420 fingitur
477 1332 743 1420 falsiloquiumut

395 1511 475 1578 Can.
495 1511 537 1592 X,
562 1533 587 1576 r.
634 1511 741 1602 [WH.
760 1511 820 1601 Il].
868 1512 1041 1579 Exnosnro
1060 1533 1325 1580 nnnnnrcnrrours
1343 1535 1399 1578 vn-

334 1637 466 1700 κιτκτιε,
486 1638 580 1690 Quam
600 1639 640 1684 nn
663 1638 833 1684 aposrotrs
853 1618 1008 1685 Ecceesrn
1028 1639 1209 1686 erueremus
1227 1639 1398 1686 cusroom.

333 1723 472 1790 Ecclesia
487 1725 572 1790 enim
584 1725 616 1777 (4)
632 1747 687 1812 per
704 1727 887 1791 uniuersum
901 1723 1012 1792 orbem
1029 1748 1127 1812 usque
1146 1724 1183 1792 ad
1203 1725 1281 1791 lines
1300 1741 1399 1792 terrae

333 1833 495 1914 seminata,
516 1848 545 1897 et
563 1833 601 1898 ab
618 1832 780 1920 apostolis
796 1848 827 1898 et
842 1831 1001 1920 discipulis
1017 1854 1127 1898 eorum
1145 1833 1262 1920 accepit
1278 1855 1347 1898 eam
1362 1831 1400 1898 fi-

403 2012 430 2077 ς.
452 1991 577 2076 Ἐπειδὴ
595 1993 628 2056 δὲ
644 2003 682 2078 τη
696 2003 795 2077 σκηνῇ
809 1993 902 2077 ταύτῃ
918 1993 1014 2058 λείπει
1030 1995 1048 2076 ἡ
1064 1993 1278 2078 ἀπολύτρωσις,
1295 1995 1342 2057 ίνα
1357 2013 1399 2068 τις

331 2102 382 2162 τδν
405 2109 494 2184 μῖμον
509 2101 605 2163 αὐτῶν
620 2099 790 2184 περαιώσας
805 2102 856 2163 τδν
871 2100 1115 2178 ἀνασκευάζονται
1133 2097 1225 2184 λόγον
1240 2097 1398 2184 ἐπενέγκῃ,

332 2205 434 2283 καλῶς
456 2208 538 2290 ἔχειν
561 2205 750 2292 ὑπελάβομεν
773 2205 916 2284 ἐπιδείξαι
938 2205 1091 2291 πρότερον,
1111 2207 1143 2270 ἑν
1161 2205 1250 2283 οίςοί
1273 2205 1400 2290 πατέρες

332 2315 417 2377 αὐτοὶ
435 2313 520 2378 τοῦδε
539 2323 592 2376 τοῦ
610 2313 711 2398 μύδου
729 2311 916 2398 διαφέρονται
933 2316 1006 2397 πρδς
1028 2311 1190 2396 ἀλλήλους,
1213 2312 1254 2388 ὡς
1277 2312 1314 2375 ἐκ
1336 2311 1400 2374 δια-

333 2419 431 2504 φόρων
452 2420 628 2505 πνευμάτων
651 2429 705 2504 τῆς
722 2419 838 2506 πλάνης
854 2422 946 2495 δντες.
993 2419 1056 2484 Καί
1071 2419 1108 2483 ἐκ
1122 2420 1227 2484 τούτου
1241 2422 1301 2504 γὰρ
1316 2419 1401 2502 ἀκρι-

334 2524 463 2611 βέστατα
484 2526 610 2591 συνιδεῖν
632 2526 727 2606 ἔσται,
750 2528 803 2590 καὶ
825 2529 884 2610 πρὸ
906 2535 958 2611 τῆς
981 2525 1169 2609 ἀποδείξεως,
1199 2525 1318 2612 βεβαίαν
1346 2529 1400 2609 τὴν

332 2633 457 2717 ὑπὸτῆς
472 2630 659 2717 Ἐκκλησίας
674 2631 901 2718 κηρυσσομένην
916 2632 1075 2717 ἀλήθειαν,
1087 2634 1140 2697 καί
1155 2636 1207 2715 την
1219 2632 1278 2696 ὑιτδ
1289 2631 1400 2696 τούτων

332 2737 617 2825 παραπεποιημένην
639 2739 848 2824 ψευδηγορίαν.

401 2918 443 2998 X,
464 2939 489 2983 1.
538 2918 577 2982 Ἡ
595 2920 649 3002 μὲν
663 2920 722 3003 γὰρ
737 2915 918 3002 Ἐκκλησία,
934 2915 1044 3001 καίπερ
1058 2915 1134 2981 καθ’
1147 2916 1219 3002 δλης
1234 2927 1287 3002 τῆς
1301 2918 1400 2981 οἰκου-

334 3029 425 3114 μένης
447 3029 504 3103 ἕως
532 3025 669 3111 περάτων
696 3034 749 3108 τῆς
777 3035 834 3109 γῆς
856 3023 1067 3110 διεσπαρμένη,
1091 3027 1173 3108 παρὰ
1195 3023 1228 3087 δὲ
1246 3032 1305 3088 τῶν
1327 3025 1400 3088 ἀπο-

333 3130 459 3216 στόλων,
483 3134 614 3196 καὶτῶν
638 3130 760 3195 ἐκείνων
783 3129 929 3215 μαθητῶν
956 3130 1175 3216 παραλαβοῦσα
1205 3131 1259 3213 τὴν
1282 3129 1324 3204 εἰς
1346 3129 1400 3190 ἕνα

370 3283 412 3350 (1)
433 3281 556 3334 Redemtio
586 3291 657 3334 certe
685 3279 777 3333 alludit
807 3279 839 3332 ad
894 3297 944 3351 qua
963 3281 1040 3334 huius
1059 3281 1156 3334 codicis
1173 3296 1267 3334 eorum
1286 3279 1400 3332 mimum

334 3367 414 3420 finem
435 3365 537 3419 fabulae
561 3365 680 3418 scenicae
700 3365 741 3434 (ut
759 3364 840 3434 pluri·
894 3363 1400 3432 (fabulamscenicam)exl1ibentis,tan-

334 3469 409 3504 nrum
431 3450 604 3502 manumissio
630 3449 697 3502 servi
722 3450 763 3501 vel
782 3449 840 3500 libc—
894 3450 956 3502 dem
975 3450 1180 3503 destructionem
1200 3467 1246 3503 seu
1266 3448 1400 3502 refutatio-

335 3538 399 3589 ratio
429 3534 525 3606 captivi
553 3535 729 3600 innocentis);
758 3535 840 3588 etiam
895 3551 956 3588 nem
975 3534 1103 3604 reperiat:
1117 3535 1208 3587 alludit
1222 3535 1255 3588 ad
1268 3533 1399 3604 duplicem

334 3637 428 3692 graece
438 3623 627 3685 ἀπολύτρωσις,
639 3633 705 3674 teste
716 3619 840 3691 Esychio,
895 3631 996 3689 partem
1026 3619 1122 3689 operis,
1150 3623 1265 3687 ἔλεγχος
1283 3641 1301 3666 =
1319 3618 1399 3670 denu-

335 3723 386 3760 vox
406 3705 548 3777 synonima
563 3717 602 3757 est
617 3707 781 3768 ἀπολύσεως,
794 3721 840 3757 seu
894 3704 967 3757 datio
982 3715 1007 3756 et
1023 3707 1157 3770 ἀνατροπὴ
1173 3729 1190 3750 =
1205 3702 1315 3756 eversio.

334 3789 840 3854 tiodiemi.e.solutionis‚cuiusexem·
930 3789 972 3856 (3)
992 3786 1011 3838 Ι.
1030 3804 1053 3840 e.
1077 3787 1146 3857 quod
1172 3786 1277 3857 quidem
1301 3801 1401 3854 cogno

335 3876 391 3946 plar
407 3874 519 3928 latinum
538 3875 643 3927 exhibet
659 3873 744 3926 Tenr.
758 3890 781 3926 c.
795 3887 840 3940 13:
895 3887 993 3924 sees...
1017 3881 1074 3923 tum
1100 3887 1132 3923 ex
1157 3869 1308 3922 ostensione
1332 3867 1402 3920 illius

338 3970 525 4028 «superest...
552 3975 599 4010 vos
618 3957 704 4010 valete
723 3968 749 4009 et
769 3956 842 4026 plau·
895 3952 988 4007 firmae
1015 3953 1134 4006 veritatis
1161 3967 1227 4022 quae
1254 3962 1314 4014 etc.,
1344 3961 1401 4002 tum

337 4043 466 4098 uditela.
896 4038 1036 4108 falsiloquii
1054 4037 1141 4102 huius,
1159 4036 1229 4107 quod
1248 4047 1298 4088 etc.
1403 4110 1405 4114 ι
1450 4107 1456 4114 ι

371 4129 411 4196 (2)
428 4128 446 4182 l.
460 4145 496 4180 ετ
511 4139 538 4180 ut
552 4126 609 4197 quis
632 4125 766 4196 explicans
782 4125 841 4178 reli·
930 4125 973 4192 (4)
985 4121 1032 4176 Gr.
1044 4129 1067 4176 et
1079 4121 1188 4193 quidem:
1204 4120 1249 4174 cfr.
1260 4138 1284 4192 p.
1298 4134 1345 4187 ¹52
1358 4119 1402 4172 lin.
