3172 5044
378 463 418 510 22
790 462 1031 508 PROLEGOMENA

373 662 531 739 alterum
560 689 608 736 ex
636 663 718 736 cod.
749 660 904 736 Miscell.
936 662 1050 735 Paris.
1076 665 1163 755 854,
1187 661 1247 736 fol.
1272 687 1341 755 132
1373 665 1446 761 pri·

376 815 458 862 mus
480 813 610 886 graece
628 787 732 861 dedit
751 786 851 860 Pitra
871 787 1010 883 (Anat.
1032 812 1103 860 sac.
1126 789 1169 872 ΙΙ,
1196 791 1301 887 202).
1359 789 1446 862 Huc

376 913 623 987 adscribenda
651 927 777 985 essent
804 911 917 984 etiam
943 913 1074 1009 fragm.
1105 936 1179 1008 syr.
1213 936 1344 1006 30·31;
1376 913 1447 985 nisi

375 1039 478 1136 quod
505 1037 591 1111 huic
619 1035 803 1110 simillima
830 1035 867 1109 in
889 1035 1081 1109 Curetonii
1104 1037 1279 1134 sz'cileg.
1300 1063 1375 1135 syr.
1397 1063 1448 1111 ex
1574 1119 1575 1124 ,

375 1162 456 1238 aliis
484 1161 675 1236 codicibus
703 1161 850 1235 cuidam
878 1161 983 1258 operi
1003 1161 1194 1236 Melitonis
1221 1173 1288 1255 περὶ
1311 1171 1450 1254 ὑπακοῆς
1574 1183 1575 1192 “

375 1293 502 1370 πίστεως
523 1291 727 1378 αἰσθητηρίων
758 1285 841 1381 (cfr.
870 1284 1008 1358 Euseb.
1041 1284 1104 1370 lV,
1139 1291 1197 1370 26,
1233 1290 1272 1384 2)
1301 1285 1449 1360 adiudi-

377 1429 525 1495 centur;
556 1411 718 1507 ideoque
745 1435 806 1482 res
835 1409 870 1482 in
900 1409 1084 1482 incertum
1113 1410 1264 1507 pendet.

463 1561 519 1610 11.
550 1541 625 1626 Περὶ
655 1551 706 1605 τοῦ
736 1545 777 1626 μὴ
808 1543 884 1605 εἶναι
914 1539 1076 1625 ἀγέννητον
1106 1544 1161 1625 τὴν
1195 1540 1268 1626 ὓλην
1294 1559 1342 1608 ex
1369 1560 1447 1631 quo

378 1663 628 1760 fragmentum
644 1659 1043 1755 XXXlVexcerptum
1060 1676 1118 1732 est
1133 1685 1155 1732 a
1171 1659 1271 1732 Pitra
1285 1659 1448 1756 locuple·
1574 1687 1575 1734 1

378 1783 450 1858 tius
478 1783 619 1856 editum
649 1784 788 1880 (Anal.
817 1807 887 1855 sac.
911 1785 952 1866 ll,
979 1791 1090 1880 203):
1122 1782 1160 1854 id
1189 1783 1447 1856 authenticum
1574 1881 1575 1896 ,

377 1907 484 1983 facile
507 1907 717 1982 ostenditur
736 1933 783 1980 ex
812 1907 1010 1981 collatione
1040 1932 1125 1980 cum
1153 1909 1210 1986 A.
1230 1908 1286 1979 Η.
1316 1905 1378 1979 lib.
1400 1908 1445 1980 ll.
1574 1937 1575 2008 3

465 2059 520 2107 12.
551 2034 642 2107 «Ex
662 2033 783 2131 primo
803 2031 984 2128 (capite?)
1006 2031 1262 2105 commentarii
1282 2032 1329 2105 ad
1351 2032 1447 2106 Can·

386 2160 560 2234 ‹ticum›
588 2158 774 2231 inducitur
796 2157 929 2254 fragm.
963 2162 1010 2227 26
1040 2181 1088 2229 ex
1118 2155 1283 2253 syriacis,
1307 2156 1343 2228 in
1371 2183 1447 2254 quo

378 2285 503 2382 agitur
530 2284 578 2356 de
607 2281 767 2354 hominis
797 2295 947 2355 natura:
978 2279 1075 2354 inter
1103 2281 1216 2354 dubia
1241 2296 1298 2353 est
1316 2306 1448 2354 accen·

379 2409 549 2482 sendum.

466 2554 589 2626 13-15.
621 2531 724 2604 Idem
753 2555 775 2604 a
804 2529 942 2603 fortiori
972 2529 1172 2603 dicendum
1192 2529 1240 2603 de
1260 2554 1448 2603 commen·

379 2655 482 2730 tariis
501 2656 549 2729 ad
572 2656 743 2728 Genesim
762 2679 921 2751 quorum
945 2654 1085 2727 mentio
1111 2653 1272 2726 occurrit
1302 2653 1337 2725 in
1362 2653 1445 2726 cod.
1574 2675 1575 2680 ’

381 2783 523 2856 Pathm.
563 2785 614 2872 pu'
646 2805 743 2854 saec.
774 2805 799 2853 x
831 2780 953 2878 [Pitra,
985 2780 1107 2851 Anal.
1144 2803 1214 2850 sac.
1253 2778 1295 2862 ΙΙ,
1332 2779 1445 2877 205];

381 2908 513 3005 fragm.
527 2905 572 2992 V,
591 2929 646 2990 12,
669 2929 707 2988 2;
725 2905 770 2988 ΙΙ,
787 2926 880 2998 3503
892 2905 939 2978 de
955 2905 1049 2977 libro
1064 2913 1131 2996 περὶ
1150 2913 1203 2994 τὴς
1222 2909 1310 2995 ἁγίας
1332 2911 1448 2992 τριάδος
1574 2933 1575 3008 3

380 3055 493 3126 quem
507 3027 672 3101 indicant
687 3029 768 3101 cod.
787 3027 939 3102 Coislin.
956 3032 1041 3118 276,
1058 3028 1079 3099 f.
1104 3051 1116 3098 1
1128 3028 1188 3120 38,
1203 3027 1284 3100 cod.
1298 3026 1446 3100 Hieros.
1574 3025 1575 3028 ’

381 3153 417 3226 S.
440 3151 633 3250 Sepulchri
669 3173 724 3244 15,
756 3153 777 3224 f.
805 3174 896 3242 204;
927 3151 975 3223 de
1004 3167 1163 3225 tractatu
1193 3151 1229 3224 in
1255 3152 1448 3224 historiam
1574 3179 1575 3204 1

381 3277 544 3350 Elcanae
574 3293 611 3349 et
639 3275 822 3350 Samuelis
852 3275 951 3372 (cod.
983 3277 1079 3348 Mus.
1111 3276 1171 3347 Br.
1197 3274 1280 3370 Syr.
1308 3295 1447 3367 12157‚

381 3401 404 3474 f.
433 3403 519 3492 198;
551 3401 613 3473 cfr.
644 3400 808 3497 Harvey,
831 3402 872 3486 ll,
899 3405 1003 3497 507),
1035 3427 1083 3474 ex
1112 3400 1246 3497 quibus
1275 3426 1344 3474 nec
1373 3426 1449 3474 cer·

380 3542 459 3599 tum
489 3526 739 3624 fragmentum
761 3552 828 3599 nec
849 3526 1028 3600 memoria
1046 3527 1094 3600 ad
1112 3551 1180 3599 nos
1199 3527 1349 3600 aliunde
1369 3551 1448 3623 per-

382 3646 493 3721 venit.
505 3643 539 3698 (¹)

467 3774 590 3844 16-18.
622 3775 716 3845 Iren.
747 3771 860 3846 etiam
888 3771 1061 3847 tribuitur
1089 3789 1270 3846 tractatus
1299 3778 1375 3861 Περὶ
1396 3788 1449 3842 τοῦ

381 3907 490 3978 παντὸς
513 3901 633 3992 [αἰτίας]
661 3923 684 3970 a
713 3898 846 3970 Photio
876 3898 976 3993 (cod.
1000 3901 1080 3994 48),
1113 3898 1180 3970 sed
1209 3924 1324 3995 quum
1353 3899 1450 3996 frag-

452 4095 494 4162 (1)
513 4092 566 4146 Cfr.
586 4093 673 4158 Hott,
694 4093 843 4164 Fragmenta
867 4095 1082 4147 vuruicarnischer
1103 4095 1283 4148 Kircfrenvriter
1301 4111 1347 4147 nus
1370 4094 1450 4146 Sarra

379 4178 516 4244 Parallela,
535 4178 651 4250 Leipzig,
674 4179 749 4250 1899,
768 4197 793 4250 p.
813 4179 855 4246 83.
