3172 5044
325 392 363 456 16
742 411 980 457 nnoteoousus

320 631 529 706 congruere
557 606 715 679 videtur.
764 606 932 679 Pressius
955 621 1104 705 tempus
1123 605 1308 682 coniicere
1328 635 1391 683 co·

321 730 395 805 nati
424 746 511 804 sunt
540 730 715 817 nonnulli,
746 756 794 803 ex
823 732 880 816 lli,
911 755 966 814 11,
991 732 1025 815 8,
1049 731 1110 803 ubi
1140 732 1188 804 de
1216 732 1390 806 Theodo-

318 855 430 928 tionis
456 854 630 928 versione
665 879 789 927 sermo
822 871 889 939 est,
927 869 966 926 at
995 854 1130 929 frustra
1160 856 1241 943 (cfr.
1272 856 1386 942 Zahn,

319 979 570 1076 Realcncycl.³,
602 978 667 1062 IX,
699 1000 772 1071 403
804 981 891 1076 sq.).

398 1104 545 1179 Textus
581 1129 750 1202 graecus.
782 1129 857 1200 quo
896 1102 932 1176 in
969 1103 1146 1179 idiomate
1175 1131 1270 1202 opus
1304 1132 1388 1179 exa-

319 1246 439 1303 ratum
477 1243 535 1302 est
570 1229 619 1301 ab
658 1228 715 1312 ln,
756 1227 875 1325 periit.
934 1229 975 1301 Id
1013 1245 1138 1303 tamen
1177 1255 1252 1303 non
1301 1247 1386 1305 ante

319 1378 415 1426 saec.
438 1377 500 1426 xvt
519 1349 579 1424 vel
598 1350 710 1424 etiam
737 1375 813 1423 xvu
832 1351 1015 1425 accidisse
1035 1353 1267 1426 contendunt
1296 1379 1387 1426 non—

320 1476 407 1551 nulli
440 1493 526 1574 post
563 1471 719 1558 Zahn,(¹).
745 1501 860 1572 quum
889 1474 1058 1549 eiusdem
1088 1493 1213 1550 textus
1247 1478 1386 1552 mentio

319 1617 489 1674 occurrat
517 1600 553 1672 in
583 1598 765 1673 indicibus
785 1600 1033 1697 quorumdam
1055 1600 1227 1675 codicum
1257 1604 1385 1699 deper-

318 1725 479 1797 ditorum
517 1751 565 1798 ex
602 1722 836 1797 bibliothecis
865 1725 1002 1798 montis
1036 1725 1161 1800 Athos
1189 1744 1228 1802 et
1256 1753 1384 1801 mona-

317 1848 418 1920 sterii
448 1848 484 1921 S.
516 1848 692 1920 Iohannis
719 1846 768 1920 ad
797 1848 975 1921 Pathmos
1010 1848 1189 1934 insulam;
1220 1851 1385 1949 denegat

317 1998 407 2045 vero
436 1972 624 2056 Harnack,
657 1971 743 2068 quia
769 1997 802 2045 a.
839 1978 938 2063 1640
967 1974 1142 2047 Meletius
1165 1975 1323 2074 Syrigos
1349 1976 1384 2049 in

319 2099 444 2195 Rffut.
472 2098 616 2195 Cyrillz‘
632 2099 815 2171 Lucareos
837 2099 917 2193 [cir.
934 2124 993 2196 ap.
1013 2098 1155 2196 Migne,
1174 2101 1219 2172 P.
1241 2100 1284 2172 G.
1304 2099 1382 2184 Vll,

320 2246 395 2316 430
423 2224 497 2322 sq]
537 2247 716 2321 graecum
747 2225 791 2302 lr.
821 2224 930 2296 affert
956 2239 1102 2296 tantum
1132 2249 1180 2296 ex
1212 2224 1386 2297 versione

317 2365 442 2422 textus
471 2347 584 2422 latini.
642 2349 872 2446 Fragmenta
901 2374 1086 2445 quaenam
1123 2349 1312 2446 supersint
1349 2365 1387 2420 et

317 2475 417 2547 unde
445 2474 571 2570 petita,
604 2473 751 2571 integra
779 2474 872 2547 haec
901 2472 1016 2547 editio
1044 2473 1205 2547 docebit.

396 2598 543 2671 'sextus
571 2598 697 2696 graeci
717 2598 840 2671 versio
860 2598 974 2671 latina
994 2597 1147 2670 omnino
1166 2596 1309 2671 servilis
1335 2597 1385 2669 in-

316 2738 424 2820 tegra
453 2739 633 2820 superest.
683 2722 919 2795 Dissentiunt
934 2720 1114 2819 philologi
1144 2737 1266 2794 utrum
1296 2747 1386 2794 ean-

315 2845 402 2919 dem
442 2846 587 2921 noverit
621 2845 874 2920 Tertullianus
911 2846 990 2942 [cir.
1021 2847 1126 2918 Ado.
1168 2846 1311 2918 Valent.
1347 2845 1383 2918 in

314 2973 395 3046 hac.
429 2965 557 3079 But}
580 2974 682 3070 quod
703 2970 816 3070 longe
844 2972 921 3044 veri
951 2969 1069 3043 simile
1089 2986 1163 3054 est;
1195 2988 1303 3044 extra
1320 2971 1384 3042 du-

315 3100 417 3172 bium
429 3117 553 3173 tamen
566 3098 664 3172 illam
678 3097 882 3197 Augustini
892 3114 1015 3172 aetate
1025 3097 1273 3196 antiquiorem
1287 3122 1381 3170 esse.

314 3225 422 3297 Hanc
457 3224 609 3321 quidem
646 3223 857 3297 versionem
892 3223 1072 3296 exhibent
1107 3223 1230 3296 adhuc
1270 3221 1379 3294 codd.

314 3367 470 3447 septem,
493 3373 665 3421 omnes·
682 3348 842 3421 docente
871 3343 1030 3421 Loofst)
1045 3388 1067 3402 -
1083 3373 1130 3420 ex
1163 3346 1298 3420 eodem
1328 3370 1383 3418 ar·

315 3473 478 3569 chetypo
508 3473 536 3544 B
566 3496 707 3550 saec.v
738 3474 790 3568 (p.
817 3475 882 3567 59)
913 3471 1082 3557 derivati,
1109 3471 1159 3542 ita
1188 3486 1313 3542 tamen
1343 3485 1384 3541 ut

314 3595 350 3669 in
366 3598 514 3693 duplici,
529 3613 686 3694 utraque
698 3595 843 3694 gallica,
859 3595 994 3668 lamilia
1010 3611 1207 3691 ponantur,
1222 3617 1380 3690 quarum

384 3793 426 3856 (Ι)
445 3790 540 3842 lechr.
556 3791 604 3859 fiir
616 3789 648 3843 K.
665 3788 751 3842 Gesch.
771 3791 851 3860 18903
864 3787 910 3841 csr.
932 3805 1036 3859 quoquc
1049 3788 1077 3840 in
1093 3786 1175 3840 Theoi.
1186 3786 1235 3839 Lil.
1250 3785 1289 3838 BI.
1305 3785 1382 3856 1893,

313 3892 337 3945 p·
357 3889 494 4024 4illscliie
514 3957 710 4027 Hunilschrrfleu
725 3957 769 4009 der
787 3957 829 4010 lul.
850 3957 985 4024 Ueliersetq.
1009 3957 1050 4008 des
1069 3955 1135 4008 Iron.
1155 3973 1180 4008 u.
1199 3955 1251 4008 ihre
1271 3951 1384 4026 Kapiiel·

312 4043 423 4113 leilung,
442 4042 553 4112 Lipsiae,
571 4043 647 4112 1890,
668 4041 712 4094 cfr.
733 4059 756 4111 p.
772 4056 803 4110 93
819 4058 874 4111 sqq.
913 4039 1026 4111 Insignis
1043 4040 1191 4092 dissertatio
1204 4038 1290 4110 quoad
1305 4035 1382 4090 codd.

312 4127 455 4181 Vaticanus
476 4145 530 4180 non
549 4128 661 4180 omnino
676 4127 809 4197 probatur.
1223 4125 1225 4129 ‘
