3230 5062
334 393 395 459 15²
619 390 748 440 neuin
772 371 931 436 a'uvansus
955 389 1110 436 naereses
1285 386 1395 456 [X,1-2

331 587 420 654 mino
440 601 560 664 nostro,
575 600 606 650 et
621 584 702 666 De0,
726 601 756 649 et
779 583 943 665 Salvatori,
963 599 993 650 et
1010 585 1086 671 regi,
1110 581 1285 649 secundum
1304 583 1399 671 placi·

330 711 398 760 tum
416 692 516 759 Patris
531 687 697 757 invisibilis
715 713 841 756 «omne
857 712 939 777 genu
956 705 1063 756 curvet
1079 689 1270 770 caelestium,
1291 705 1321 755 et
1336 705 1399 756 ter-

337 799 521 878 «restrium,
537 813 567 862 et
584 795 791 878 infernorum,
805 813 835 861 et
847 797 952 862 omnis
968 795 1074 883 lingua
1089 793 1274 861 confiteatur
1286 822 1302 858 υ
1314 794 1348 848 (¹)
1358 797 1399 872 ei,

331 921 362 970 et
385 889 534 970 iudicium
560 904 677 968 iustum
694 903 726 968 in
743 901 893 967 omnibus
909 900 1015 968 faciat:
1035 901 1242 989 «spiritalia»
1271 900 1398 989 quidem

334 1039 349 1074 ι
365 1010 560 1098 nequitiae»,
578 1024 608 1075 et
624 1008 753 1097 angelos
769 1025 991 1096 transgressos,
1007 1024 1099 1097 atque
1117 1023 1272 1096 apostatas
1290 1005 1400 1087 factos,

332 1131 362 1181 et
381 1115 506 1202 impios,
526 1131 556 1179 et
576 1113 719 1192 iniustos,
736 1130 766 1179 et
782 1114 917 1201 iniquos,
935 1130 966 1179 et
986 1111 1186 1200 blasphemos
1205 1111 1351 1178 homines
1367 1114 1399 1178 in

332 1236 492 1287 aeternum
509 1220 617 1308 ignem
635 1220 757 1285 mittat:
777 1220 866 1285 iustis
886 1236 990 1284 autem
1010 1235 1040 1284 et
1059 1219 1175 1308 aequis,
1190 1235 1220 1285 et
1238 1237 1399 1306 praecepta

333 1329 398 1394 eius
414 1325 619 1408 servantibus,
643 1343 673 1392 et
696 1327 728 1391 in
751 1325 917 1392 dilectione
940 1326 1007 1391 eius
1030 1322 1309 1413 perseverantibus,
1332 1326 1402 1415 qui-

333 1432 463 1500 busdam
480 1433 608 1522 quidem
621 1432 658 1498 ab
670 1433 771 1515 initio,
783 1432 971 1520 quibusdam
995 1448 1098 1498 autem
1113 1454 1150 1497 ex
1163 1433 1401 1519 poenitentiae)

333 1540 430 1606 vitam
449 1537 580 1620 donans,
604 1537 846 1626 incorruptelam
866 1537 937 1603 loco
953 1538 1093 1604 muneris
1112 1536 1263 1617 conferat,
1286 1552 1316 1602 et
1339 1537 1402 1602 cla-

334 1647 457 1711 ritatem
480 1660 638 1711 aeternam
662 1641 844 1711 circumdet.

402 1771 432 1817 2.
456 1749 560 1840 [WH.
585 1749 665 1840 lll].
712 1749 876 1816 Osreusro
900 1770 1010 1823 unoue
1040 1769 1125 1830 ntus,
1160 1768 1270 1822 uaoun
1303 1769 1417 1814 uiuus·

335 1879 377 1922 ua
393 1877 433 1922 aa
450 1877 539 1930 Quas
555 1876 610 1921 ast
626 1856 727 1940 <1u>0l
752 1876 823 1922 true
848 1877 937 1922 nosse
961 1877 1117 1929 Quosnnu
1142 1876 1267 1922 meana.
1313 1856 1402 1922 Hanc

335 1960 597 2050 praedicationem
620 1985 718 2050 quum
743 1963 904 2050 acceperit,
921 1978 951 2028 et
971 1961 1049 2027 lianc
1071 1961 1176 2043 fidem,
1196 1962 1404 2050 quemadmo-

335 2069 412 2136 dum
435 2068 655 2156 praediximus,
679 2067 827 2148 Ecclesia,
847 2086 877 2134 et
899 2068 1027 2156 quidem
1051 2069 1083 2134 in
1106 2069 1290 2134 universum
1311 2091 1404 2134 mun-

336 2281 538 2368 θρωπόιητος,
557 2285 604 2348 ίνα
623 2282 726 2368 Ἰησοῦ
742 2283 865 2368 Χριστῷ
883 2292 924 2366 τῷ
940 2281 1036 2368 ’κυρίῳ
1056 2283 1151 2368 ἡμῶν,
1176 2286 1227 2348 καί
1253 2282 1332 2368 Θεῷ,
1352 2286 1405 2346 καί

337 2391 463 2475 Σωτῆρι,
480 2392 531 2453 καὶ
548 2389 672 2475 βασιλεῖ,
684 2392 765 2454 κατὰ
778 2392 832 2473 την
849 2391 986 2454 εὐδοκίαν
997 2399 1048 2454 τοῦ
1061 2391 1180 2476 Πατρός
1196 2400 1248 2454 τοῦ
1264 2389 1403 2474 ἀοροίτου,

343 2521 358 2556 ι
369 2506 428 2560 πᾶν
452 2495 524 2580 γόνυ
546 2496 655 2580 κόμψη
677 2495 858 2582 ἐπουρανίων
881 2498 933 2560 καί
956 2496 1093 2581 ἐπιγείων
1111 2498 1163 2560 καί
1180 2495 1404 2580 καταχθονίων,

340 2627 355 2662 ι
370 2605 422 2665 καὶ
439 2612 524 2666 πᾶσα
541 2601 669 2686 γλῶσσα
686 2600 971 2687 ἐξομολογήσηται)
995 2605 1085 2686 αὐτῷ,
1105 2605 1157 2667 καί
1175 2603 1270 2688 κρῖοιν
1288 2601 1406 2666 δικαίαν

338 2709 370 2771 ἐν
392 2719 452 2785 τοῖς
474 2719 547 2772 πᾶσι
570 2709 747 2793 ποιήσηται·
772 2713 810 2772 τὰ
833 2713 888 2792 μὲν
906 2713 1093 2792 πνευματικὰ
1111 2719 1164 2794 τῆς
1182 2709 1334 2795 πονηρίας,
1354 2711 1406 2773 καὶ

338 2814 486 2898 ἀγγέλους
504 2819 573 2892 τοὺς
590 2815 848 2902 παραβεβηκότας,
866 2818 920 2880 καί
934 2817 966 2879 ἐν
982 2818 1152 2900 ἀποστασίηι
1165 2814 1337 2901 γεγονότας,
1354 2817 1407 2880 καί

338 2925 407 2997 τοὺς
429 2921 555 3007 ἀσεβεῖς,
579 2924 632 2986 καὶ
654 2921 783 3004 ἀδίκους,
807 2925 860 2986 καί
882 2920 1020 3006 ἀνόμους,
1048 2925 1101 2987 καί
1131 2923 1325 3009 βλασφήμους
1347 2931 1407 2986 τῶν

339 3027 509 3114 ἀνθρώπων
524 3029 564 3104 είς
579 3032 613 3092 τό
629 3028 744 3092 αἰώνιον
759 3039 819 3112 πῦρ
834 3028 956 3113 πέμψῃ·
969 3039 1029 3105 τοῖς
1043 3031 1076 3093 δὲ
1092 3029 1224 3111 δικαίοις,
1238 3032 1290 3093 καὶ
1305 3029 1406 3108 όσίοις,

340 3136 392 3198 καί
414 3137 466 3211 τὰς
490 3134 612 3210 ἐντολὰς
635 3137 725 3198 αὐτοῦ
748 3132 936 3219 τειηρηκόσι,
952 3137 1004 3198 καί
1020 3137 1052 3198 ὲν
1067 3146 1103 3218 ιη
1120 3135 1224 3220 ἀγοίπη
1239 3137 1331 3198 αὐτοῦ
1346 3134 1407 3198 διοι-

342 3239 534 3324 μεμενηκόσι,
558 3249 618 3316 τοῖς
648 3242 703 3325 μὲν
734 3239 788 3302 ἀπ’
803 3241 909 3324 ἀρχῆς,
933 3250 993 3316 τοῖς
1015 3241 1049 3304 δὲ
1073 3243 1110 3304 ἐκ
1139 3239 1306 3326 μετανοίας,
1329 3241 1408 3324 ζωην

340 3346 540 3432 χαρισάμενος
552 3346 725 3431 ἀφθαρσίαν
735 3347 914 3430 δωρήσηται,
923 3349 976 3410 καί
988 3344 1077 3424 δόξαν
1089 3346 1208 3411 αἰωνίαν
1219 3346 1406 3430 περιποιήση.

411 3471 440 3516 2.
465 3451 562 3516 Τοῦτο
585 3456 619 3516 τό
641 3453 783 3537 κήρυγμα
805 3452 1013 3539 παρειληρυῖα,
1037 3456 1090 3517 καί
1107 3457 1216 3539 ταύτην
1231 3456 1285 3538 την
1300 3454 1407 3532 πίστιν,

342 3558 383 3634 ὡς
400 3557 583 3644 προέτραμεν,
602 3559 622 3644 ἡ
642 3557 824 3644 Ἐκκλησία,
842 3559 951 3645 καίπερ
967 3561 999 3623 ἐν
1014 3560 1076 3646 atq>
1091 3568 1133 3646 τῷ
1150 3557 1257 3646 κόσμῳ
1273 3561 1409 3643 διεσπαρ·

380 3773 422 3838 (ι)
442 3769 496 3824 Cfr.
515 3771 607 3842 Philip.
629 3772 661 3838 ll,
684 3787 715 3824 ιο
730 3783 794 3836 etc.;
905 3773 965 3826 dem
985 3789 1016 3826 ex
1030 3773 1178 3826 necessario
1191 3772 1246 3826 lato
1259 3787 1287 3826 ut
1306 3772 1410 3826 Valent.

381 3856 422 3924 (a)
441 3855 522 3908 Cuius
542 3853 650 3908 effectus
674 3873 737 3908 sane
756 3867 850 3908 notan·
906 3861 1088 3923 autumabant,
1108 3857 1155 3911 cfr.
1175 3861 1221 3922 Εἰς
1237 3858 1304 3911 inid.
1324 3873 1366 3928 97.

345 3941 393 3992 dus
411 3940 470 4004 hic;
494 3941 560 3993 sicut
589 3957 652 3993 mox
673 3957 726 4010 seq.
754 3941 852 3992 donans
942 3941 984 4010 (3)
1005 3941 1125 3996 Fortasse
1138 3943 1241 4013 legend.
1255 3958 1321 3996 uun.
1355 3941 1410 3995 Cl'r.

345 4042 384 4095 gr.
413 4028 588 4096 χαρισάμενος
603 4025 620 4078 i.
645 4041 667 4078 e.
692 4023 851 4096 gratificans,
907 4025 988 4090 finem
1008 4026 1085 4079 huius
1103 4027 1126 4094 β,
1146 4043 1178 4080 ex
1198 4043 1247 4096 qua
1271 4027 1336 4080 haec
1356 4042 1412 4079 cor-

346 4127 391 4162 seu
411 4113 438 4163 in
455 4112 566 4180 gratiam
587 4110 698 4175 donans,
717 4127 772 4162 uon
796 4109 852 4180 qui·
908 4121 983 4180 rupta
1002 4110 1138 4179 inscriptio
1153 4110 1254 4162 restitui
1271 4109 1375 4180 poterit.
