3288 5060
223 467 307 536 (vul,
321 465 418 537 17-1x,
434 465 480 534 1).]
645 469 733 516 ιιυειι
758 469 872 516 ananus

594 569 694 576 ———-.—

222 662 298 746 dire,
321 679 352 729 et
375 685 410 729 ea
433 685 513 750 quae
537 661 637 727 multo
661 677 803 750 tempore
826 679 899 730 sunt
922 663 1085 744 occultata,
1103 665 1134 730 in
1158 664 1290 732 manife-

222 787 307 838 stum
331 768 512 858 producere.
560 768 611 835 Sic
642 768 727 834 enim
746 767 787 834 'fit
810 785 843 834 ut
867 767 956 836 facile
980 771 1067 858 argui
1091 787 1120 837 et
1144 773 1289 837 convinci

222 878 344 966 possint
362 874 400 942 ab
424 874 583 942 omnibus.

291 1020 370 1087 an.
388 1017 477 1100 XVI,
502 1039 527 1083 1.
574 1015 752 1108 [WH.lX,
777 1017 818 1108 ι].
866 1019 1044 1100 Quoxouo
1064 1040 1212 1085 sotvuxs
1236 1041 1291 1085 m-

223 1125 407 1192 annotatt)
454 1125 698 1191 Generationem
715 1125 819 1212 itaque
831 1126 990 1206 Aeonum,
1008 1141 1038 1190 et
1053 1147 1193 1192 errorent
1210 1127 1290 1206 ovis,

223 1249 254 1298 et
276 1230 541 1310 adinventionem,
558 1228 728 1297 adunantes
751 1233 784 1297 in
808 1253 918 1311 unum,
943 1233 1076 1318 mystice
1100 1230 1213 1298 audent
1236 1255 1291 1298 an-

223 1339 371 1405 nunciare
389 1335 422 1403 hi
445 1337 498 1426 qui
518 1339 550 1403 in
570 1358 721 1403 numeros
740 1339 848 1403 omnia
871 1335 1076 1420 deduxerunt,
1096 1337 1135 1405 de
1155 1337 1291 1405 monade

223 1461 255 1511 et
276 1442 422 1511 dualitate
451 1442 590 1511 dicentes
614 1445 720 1511 omnia
746 1459 906 1510 constare:
931 1460 962 1509 et
984 1467 1001 1509 a
1026 1444 1161 1512 monade
1193 1468 1291 1532 usque

223 1550 261 1618 ad
290 1566 424 1639 quatuor
458 1566 669 1631 numerantes,
697 1551 742 1616 sic
775 1566 925 1638 generant
954 1548 1114 1618 decadem.
1180 1553 1289 1618 Unum

223 1658 320 1739 enim,
332 1673 362 1724 et
374 1655 449 1737 duo,
465 1675 495 1724 et
510 1673 584 1738 tres,
601 1674 632 1722 et
646 1673 790 1746 quatuor,
803 1658 836 1722 in
851 1681 950 1723 unum
964 1659 1169 1746 compositae,
1181 1657 1291 1726 decem

224 1767 371 1831 Aeonum
395 1780 622 1852 generaverunt
645 1786 826 1830 numerum.
873 1764 995 1831 Rursus
1024 1780 1130 1830 autem
1161 1763 1291 1832 dualitas

223 1869 261 1936 ab
280 1894 316 1937 ea
334 1893 498 1959 progressa
521 1893 619 1959 usque
642 1869 681 1937 ad
699 1871 872 1959 episemon‚
891 1869 956 1936 duo
975 1887 1005 1937 et
1023 1891 1158 1960 quatuor
1176 1888 1207 1938 et
1226 1895 1292 1954 sex,

223 1975 436 2045 duodecadem
473 1976 654 2045 ostendite>
711 1977 749 2044 Et
780 1999 888 2043 rursus
922 2001 939 2043 a
969 1976 1116 2046 dualitate
1148 1979 1292 2047 similiter

224 2083 460 2151 numerantibus
490 2083 582 2150 nobis
613 2107 711 2173 usque
741 2083 778 2151 ad
806 2106 838 2166 x,
865 2106 931 2151 xxx
963 2108 1114 2152 numerus
1145 2103 1291 2153 ostensus

223 2237 299 2318 dett,
322 2241 375 2302 καὶ
395 2241 434 2301 τά
456 2235 560 2317 πολλῷ
583 2236 685 2322 χρόνῳ
713 2236 907 2321 κεκρυμμένα
929 2237 971 2313 εἰς
993 2241 1120 2323 φανερδν
1148 2240 1290 2324 ἀγαγεῖν·

223 2348 300 2410 οὕτω
317 2348 376 2430 γὰρ
399 2347 436 2407 ἂν
458 2342 574 2429 γένοιτο
597 2341 763 2428 εὐέλεγκτα
786 2354 869 2408 πᾶσι.

290 2484 379 2564 XVI,
393 2505 419 2550 1.
454 2483 519 2568 Τὴν
530 2486 581 2548 adv
593 2483 709 2568 γένεσιν
720 2494 778 2549 τῶν
791 2483 915 2550 Aturus
927 2489 1034 2568 αὐτῶν,
1046 2489 1100 2552 καὶ
1111 2491 1164 2570 τὴν
1176 2487 1292 2572 πλάνην

223 2603 275 2658 τοῦ
297 2592 458 2678 προβάτοιν,
482 2595 535 2655 καὶ
557 2591 709 2675 ἀνεύρεσιν
727 2589 892 2670 ἑνώσαντες
910 2594 961 2658 ἐπὶ
983 2598 1017 2658 τὸ
1040 2596 1123 2676 αὐτὸ,
1144 2593 1293 2678 μυστικώ-
1367 2612 1371 2620 ·

222 2721 308 2784 τερον
325 2699 527 2785 ἐπιχειροῦσιν
545 2697 749 2784 ἀπαγγέλλειν
766 2701 846 2763 οὗτοι
865 2699 892 2762 οἱ
910 2701 952 2776 εἰς
970 2700 1118 2786 ἀριθμοὺς
1136 2705 1174 2763 τα
1193 2700 1293 2764 πάντα

222 2807 413 2890 κατάγοντες,
426 2805 464 2871 ἐκ
475 2805 601 2891 μονάδος
613 2809 665 2870 οιαὶ
676 2806 782 2882 δυάδος
794 2806 960 2890 φάσκοντες
971 2810 1008 2870 τὰ
1020 2806 1078 2869 δλα
1090 2803 1292 2894 [συνεστάναι]

221 2917 275 2980 acal
296 2915 357 2978 ἀπὸ
377 2913 504 3000 μονάδος
523 2916 580 2991 ἕως
598 2923 656 2977 τῶν
674 2913 828 2998 τεσσάρων
851 2914 1048 2998 ἀριθμοῦντες
1071 2917 1149 2977 οὕτω
1167 2922 1292 2998 γεννῶσι

222 3024 278 3106 τὴν
299 3021 422 3086 δεκάδα.
468 3019 532 3085 Μία
554 3023 624 3106 γὰρ,
646 3019 778 3102 καὶδύο,
797 3021 850 3083 καὶ
868 3027 955 3104 τρεῖς,
978 3021 1031 3083 καὶ
1053 3018 1208 3104 τέσσαρες,
1227 3041 1294 3082 συν-

223 3128 360 3192 τεθεῖσαι
374 3127 425 3191 ἐπὶ
439 3131 473 3192 τδ
489 3129 572 3210 αὐτὸ,
587 3130 638 3191 τὸν
651 3135 709 3190 τῶν
725 3123 802 3189 δέκα
816 3125 941 3190 Αἰιθνων
957 3125 1134 3209 ἀπεκάησαν
1152 3126 1292 3210 ἀριθμόν.

225 3233 324 3298 Πάλιν
346 3233 373 3296 δ’
384 3237 424 3296 αθ
446 3235 466 3318 ἡ
489 3235 561 3310 δυὰς
583 3231 637 3296 ἀπ’
650 3234 742 3316 αὐτῆς
764 3231 960 3316 προελθοῦσα
982 3233 1039 3307 ἕως
1062 3241 1114 3296 τοῦ
1134 3231 1293 3316 ἐπισήμου,

225 3341 287 3404 οἷον
309 3339 362 3404 oto
384 3342 437 3403 ml
458 3339 603 3424 τέσσαρες
629 3340 682 3402 καὶ
704 3336 746 3419 ἓξ,
770 3339 823 3420 τὴν
853 3338 1009 3402 δωδεκάδα
1036 3336 1183 3415 ἀπέδειξε.
1232 3340 1295 3404 Καὶ

224 3445 315 3510 πάλιν
332 3447 394 3510 ἀπὸ
411 3456 465 3530 τῆς
483 3445 590 3522 δυάδος
608 3443 716 3528 ὁμοίως
731 3443 937 3528 ἀριθμούντων
956 3445 1041 3528 ἡμῶν
1058 3447 1115 3522 ἕως
1134 3452 1191 3508 τῶν
1207 3443 1293 3526 δέκα,

230 3606 358 3670 «Αιιικε1;
368 3605 405 3658 illi
412 3605 551 3658 tribuenda
560 3615 621 3658 sunt
627 3603 731 3657 univer·
787 3613 814 3654 ut
834 3620 881 3673 par
893 3615 959 3668 erat,
971 3621 1058 3656 rerum
1074 3615 1293 3675 pertractatarum

231 3707 281 3743 «sa
294 3703 424 3760 peccata»
440 3689 482 3743 ed.
492 3689 534 3742 cit.
545 3707 569 3759 p.
585 3703 624 3754 15,
635 3703 678 3753 20,
690 3703 730 3752 24.
785 3686 853 3739 serie
872 3686 908 3739 ita
928 3704 1034 3757 prorsus
1052 3689 1184 3758 exigente.

262 3775 305 3843 (1)
323 3773 360 3827 Ut
373 3774 497 3837 diximus,
507 3773 534 3826 in
544 3789 606 3826 mss.
616 3772 682 3825 haec
692 3772 731 3824 in·
822 3771 864 3838 (2)
884 3771 988 3836 Monas,
1013 3789 1126 3826 numero
1153 3790 1163 3826 1
1192 3789 1294 3843 reprae-

226 3857 334 3929 scriptio
358 3874 415 3927 cap.
436 3856 509 3920 xlx,
529 3857 544 3908 8
564 3855 729 3909 decernitur:
786 3865 913 3920 sentatur,
929 3855 1041 3909 dualitas
1056 3874 1082 3908 n.
1099 3871 1122 3910 2.
1160 3856 1187 3909 Si
1206 3869 1295 3910 temas

227 3942 269 3996 hic
279 3954 368 3996 autem
378 3943 496 3996 habetur:
504 3940 732 4004 Quexxuuouux
786 3939 870 3992 abilla
880 3940 1065 4010 generationes
1074 3940 1296 4006 numeres,habes

226 4041 353 4087 saonae
372 4041 490 4080 suxrtx
511 4025 585 4079 Luce
605 4039 635 4077 nt
657 4038 731 4078 suux
790 4023 1296 4094 1÷2÷344:10;siaduali-

226 4125 426 4164 rmuseenuxr
452 4123 618 4164 noxeuruu
649 4109 730 4179 cplm.
786 4119 841 4162 tate
860 4125 924 4162 vero
949 4109 1033 4174 binas,
1059 4109 1140 4162 habes
1161 4118 1296 4175 2÷4÷

228 4195 299 4260 x111,
318 4212 397 4266 quam
422 4194 584 4248 restituimus
603 4211 625 4246 c.
644 4192 733 4246 XVlll
788 4191 1014 4264 ÷6[episemon
1035 4193 1111 4264 51:
1125 4208 1164 4247 12.

298 4404 677 4459 mmmfflffln
1189 4388 1222 4442 u
