3238 5090
341 440 406 523 416

630 460 757 506 lRENAEI
782 461 941 508 ADVERSUS
964 463 1119 508 Haereses

1232 460 1342 531 [xxm
1357 476 1410 529 Η

338 669 544 740 nuncupatae,
562 651 672 720 decem
691 653 819 742 quidem
837 672 910 722 sunt
933 679 1082 736 numero;
1106 655 1283 724 scribuntur
1303 673 1411 724 autem

339 783 479 849 quaeque
501 783 555 848 per
570 759 760 849 quindecim,
777 763 951 828 novissima
970 763 1058 830 litera
1074 763 1216 852 copulata
1231 766 1359 852 primae.
1376 764 1413 817 (¹)

375 977 532 1046 (1)Fateor
555 978 582 1030 in
607 995 705 1030 vanum
730 995 773 1032 nte
801 978 845 1031 diu

338 1061 479 1132 quaesiisse
510 1063 645 1132 quomodo
676 1061 846 1116 difficillimus

338 1146 381 1198 hic
399 1157 496 1202 tentus¹
513 1145 539 1198 in
562 1145 673 1217 singulis
697 1159 723 1199 et
742 1147 769 1199 in
788 1159 846 1200 toto

336 1231 434 1300 exponi
452 1243 549 1300 posset.
591 1231 660 1284 Sane
678 1232 782 1284 litterae
800 1231 845 1284 he·

337 1314 449 1379 braicae,
462 1315 576 1386 demptis
586 1314 715 1383 finalibus,
728 1329 789 1369 sunt
803 1332 845 1382 22,

339 1415 393 1450 non
417 1398 522 1452 decem:
548 1417 608 1452 curn
632 1399 754 1452 finalibus
782 1416 846 1453 vero

339 1485 461 1552 (quarum
475 1499 552 1535 usum
565 1483 598 1536 lr.
612 1484 725 1552 tempori
738 1483 796 1554 quis
809 1483 846 1536 af·

339 1563 451 1636 fingati)
466 1581 513 1634 273
527 1583 593 1637 quae
604 1567 691 1637 igitur,
705 1580 854 1638 utcumque·

339 1652 502 1720 copulentur,
521 1652 601 1705 etiam
621 1653 765 1706 novissima
785 1669 845 1704 cum

339 1735 422 1805 prima
433 1753 486 1808 ug
501 1747 561 1808 mg,
570 1747 625 1807 m
636 1749 685 1789 etc.
700 1753 846 1807 numquam

339 1821 437 1874 dabunt
465 1836 505 1884 10,
523 1807 568 1874 sed
587 1822 630 1875 vel
654 1837 680 1875 rr
705 1822 747 1874 vel
771 1837 798 1890 13
814 1823 846 1890 ¹l2

339 1907 419 1976 paria.
469 1906 536 1968 Quis
561 1919 650 1960 autent
678 1907 782 1960 docebit
801 1924 846 1959 cur

339 1990 486 2042 scribantur
507 2007 554 2060 per
577 1991 632 2043 xv?
679 1991 767 2044 Etiam
786 2008 846 2061 sup·

341 2074 845 2144 positisgraecisvelutirodomanos...

340 2166 383 2214 aaa
402 2150 544 2234 {hisque
563 2164 780 2234 respondentibus
800 2165 845 2218 hc-

340 2247 426 2301 braice
445 2258 490 2316 nr,
509 2249 566 2318 quis
585 2249 684 2318 aperiet
707 2249 785 2302 scribi
803 2249 845 2300 lit-

339 2345 408 2384 teras
436 2349 529 2385 ornnes
557 2350 602 2404 per
620 2333 673 2403 pqr?
721 2333 771 2386 Sed
794 2333 845 2387 for-

339 2429 409 2470 tasse
427 2433 508 2486 quum
527 2434 552 2469 v.
572 2431 621 2487 gd
641 2417 673 2470 ab
688 2418 722 2470 lr.
739 2417 844 2470 dianidia

339 2501 440 2553 dicatur
448 2502 579 2570 (sitamen
589 2501 696 2555 dicitur:
707 2502 753 2555 cfr.
765 2501 845 2570 infra)

340 2585 435 2648 littera,
447 2603 511 2656 ergo
521 2603 575 2638 non
585 2598 662 2639 erunt
675 2587 778 2640 litterae
792 2587 845 2656 ple-

297 2696 299 2702 ·
339 2688 389 2724 nae
403 2672 546 2739 7vocales:
560 2671 607 2724 has
617 2671 702 2736 deme,
716 2685 743 2736 15
756 2671 845 2741 utique

339 2768 477 2826 supersunt
494 2757 604 2808 litterae.
641 2756 691 2808 Sed
707 2773 792 2826 neque
804 2757 845 2808 his

344 2856 371 2908 15
394 2841 484 2893 omnia
503 2841 587 2911 aptari
599 2857 665 2911 quae
684 2841 752 2893 lren.
768 2841 845 2893 docet

340 2925 497 2996 quicumque
510 2942 556 2994 per
566 2942 593 2978 se
603 2925 682 2977 videt.
720 2924 790 2996 Ergo
803 2926 845 2977 vel

340 3009 408 3062 Iren.
417 3011 449 3063 de
459 3009 516 3062 aliis
523 3027 538 3062 a
545 3010 620 3062 nobis
629 3009 741 3079 cognitis
751 3010 845 3062 litteris

339 3094 462 3165 loquitur,
477 3095 519 3147 vel
534 3111 601 3165 quae
619 3095 696 3147 docet
715 3094 785 3146 male
807 3111 845 3146 «a

344 3199 357 3226 ι(
367 3178 457 3247 peritis
467 3195 576 3231 eorum»
591 3178 699 3242 audivit,
709 3178 750 3230 vel
758 3189 845 3230 textus

342 3264 419 3334 plane
431 3274 456 3316 et
469 3263 535 3316 citra
550 3279 624 3332 spem
640 3274 777 3332 corruptus
791 3275 844 3315 est:

340 3348 367 3400 in
376 3347 450 3400 omni
460 3359 551 3400 tamen
561 3364 622 3400 casu
633 3347 664 3400 ab
676 3347 845 3417 inquisitione

339 3432 524 3484 abstinendum
535 3443 606 3500 puto.
636 3431 693 3484 Nec
703 3432 760 3501 quis
770 3431 846 3484 aliter

339 3516 443 3580 sentiet,
458 3515 583 3568 Massueti
599 3527 625 3568 et
640 3515 747 3586 Harvey
763 3532 803 3569 ex.
818 3533 844 3586 g.

339 3600 598 3671 interpretationibus
622 3600 725 3652 auditis.
771 3600 845 3662 Quo-

340 3701 398 3737 rtun
432 3684 539 3754 primus,
575 3684 719 3737 distributis
751 3685 845 3738 litteris

342 3773 448 3837 (εΗ-ς
466 3767 558 3837 final),
578 3779 707 3839 quatenus
720 3785 845 3821 numeros

340 3853 465 3914 indicant,
485 3853 512 3905 in
531 3864 583 3905 tres
603 3853 739 3905 columnas
759 3868 844 3922 respe-

339 3937 407 3990 ctive
420 3953 517 3990 novem
527 3937 680 4002 unitatibus,
692 3953 790 3990 novem
801 3937 845 3989 de-

338 4023 427 4088 nariis,
447 4039 596 4093 novemque
611 4021 768 4076 centenariis
783 4039 845 4075 con-

339 4119 437 4160 stantes
450 4108 487 4160 ita
499 4107 621 4177 exponit:
642 4127 655 4156 «
665 4107 779 4176 Ipsae...
789 4107 845 4176 pri-

341 4193 431 4261 uatae]
459 4191 479 4243 I.
507 4209 530 4244 e.
556 4192 583 4244 in
608 4191 658 4244 boc
684 4191 845 4243 conveniunt

904 1001 918 1030 a
927 982 1000 1035 hebr.
1021 983 1073 1036 litt.
1097 999 1158 1038 curn
1182 999 1268 1054 graec.
1294 984 1363 1054 quod
1384 995 1412 1036 et

903 1066 988 1120 uillae
1001 1067 1029 1118 in
1042 1084 1197 1139 unaquaque
1212 1068 1345 1132 columna,
1360 1085 1413 1120 no·

903 1169 917 1198 a
927 1165 987 1202 vern
1003 1168 1084 1221 quum
1097 1151 1158 1215 sint,
1171 1153 1292 1204 desinant
1305 1168 1412 1222 semper

904 1254 917 1282 a
927 1234 954 1287 in
964 1233 1111 1296 denarium,
1119 1251 1184 1304 quae
1194 1233 1357 1304 priorlittera
1368 1249 1411 1287 est

903 1338 917 1366 «
926 1318 1066 1371 columnae
1075 1317 1249 1388 insequentis:
1259 1334 1289 1371 ac
1299 1319 1375 1388 proin
1387 1319 1410 1371 si

903 1421 917 1450 «
927 1402 1071 1454 novissima
1082 1402 1206 1473 cuiusque
1216 1403 1355 1454 columnae
1365 1403 1412 1455 lit-

904 1497 982 1539 «tera
1002 1489 1040 1554 (v.
1055 1503 1081 1556 g.
1094 1488 1133 1558 ῃ)
1152 1487 1289 1557 copuletur
1306 1487 1411 1556 primae

904 1571 1067 1622 «columnae
1086 1570 1218 1640 sequentis
1233 1577 1271 1636 (v.
1287 1587 1311 1640 g.
1325 1571 1348 1636 a)
1363 1571 1410 1623 de-

903 1670 985 1706 «cem
1009 1651 1125 1706 efficiunt
1154 1671 1199 1706 seu
1226 1653 1318 1706 decern
1346 1666 1410 1706 sunt

903 1755 1047 1791 «numero.
1091 1737 1241 1790 Scribuntur
1264 1744 1344 1790 autem
1360 1749 1412 1809 per

903 1823 1020 1875 adm:
1039 1823 1076 1876 sic
1095 1823 1251 1876 ordinantur
1264 1834 1292 1875 ut
1309 1834 1411 1892 postre-

903 1924 971 1960 «nra
996 1906 1134 1961 cuiuslibet
1155 1908 1295 1961 columnae
1319 1907 1409 1961 littera

903 1993 954 2044 ain
976 1992 1114 2045 denarium
1136 1993 1281 2056 desinente,
1305 1993 1411 2044 litterae

903 2097 916 2126 «
926 2094 1019 2130 omnes
1029 2077 1056 2129 in
1067 2077 1153 2130 varias
1162 2077 1299 2130 columnas
1308 2077 1411 2130 divisae

903 2187 916 2216 u
926 2166 1073 2219 scribantur
1091 2183 1138 2236 per
1156 2167 1248 2219 decem
1266 2181 1312 2218 seu
1331 2165 1411 2219 deca·

903 2251 981 2314 edas,
996 2259 1019 2303 et
1033 2253 1152 2321 quinque:
1171 2249 1262 2303 finales
1275 2249 1410 2303 videlicet.

902 2335 996 2399 «Quia
1011 2336 1082 2388 enirn
1096 2335 1189 2388 tertius
1204 2335 1329 2387 nonarius
1348 2346 1411 2386 tan-

902 2439 916 2468 n
926 2432 983 2472 tum
1002 2430 1134 2473 constaret
1152 2419 1245 2472 litteris
1262 2431 1411 2490 quatuor

903 2521 1032 2556 «necesse
1045 2503 1092 2556 suit
1105 2503 1246 2575 quinque
1259 2502 1351 2555 finales
1362 2504 1411 2556 ad-

902 2607 916 2636 «
926 2587 988 2640 dere
1000 2599 1028 2640 ut
1041 2588 1217 2657 compleretur
1231 2587 1335 2640 decas.
1374 2585 1409 2639 Et

902 2691 915 2720 a
927 2671 953 2723 in
965 2671 1017 2724 hoc
1030 2669 1153 2724 differunt
1166 2671 1270 2724 litterae
1280 2671 1410 2724 arithme-

903 2777 917 2806 ι(
927 2757 994 2810 ticae
1004 2757 1184 2810 Hebraeorum
1196 2775 1211 2810 a
1224 2757 1326 2827 graecis
1335 2755 1409 2826 quod

903 2842 954 2893 «in
966 2840 1007 2893 his
1022 2842 1130 2894 eaedem
1143 2857 1273 2911 nusquam
1286 2852 1411 2910 repetan-

903 2936 969 2977 ‹rtur
988 2926 1105 2977 litterae:
1127 2923 1155 2977 in
1173 2925 1225 2977 illis
1248 2937 1410 2994 repetantur.

903 3008 1095 3079 «Quapropter
1104 3025 1137 3061 ex
1146 3025 1212 3062 voce
1224 3017 1279 3080 wa
1289 3008 1331 3061 vel
1340 3016 1410 3080 pqr*

903 3111 916 3142 a
926 3093 997 3145 idem
1012 3108 1137 3144 numerus
1156 3109 1210 3144 non
1227 3106 1349 3162 exsurget
1369 3105 1411 3145 at·

903 3189 976 3246 ecque
994 3192 1026 3228 ex
1042 3192 1108 3228 voce
1124 3177 1262 3243 Ἰησοῦς».
1298 3175 1409 3246 Harvey

899 3276 962 3312 vero
977 3271 1004 3312 ut
1016 3260 1082 3312 olim
1096 3259 1251 3313 Feuardent.
1288 3259 1357 3312 iren.
1368 3261 1409 3312 di-

900 3356 941 3397 cta
961 3344 1095 3414 restringit
1114 3345 1147 3397 ad
1165 3344 1264 3414 primas
1287 3359 1318 3397 10
1335 3345 1410 3398 litte·

900 3446 950 3493 ras,
966 3440 1043 3500 prout
1062 3429 1125 3494 dixi,
1138 3445 1235 3498 nempe
1253 3429 1286 3482 ab
1304 3444 1327 3500 κ
1346 3429 1381 3481 ad
1396 3443 1408 3474 t

899 3531 965 3585 quae
978 3514 1083 3584 quidem
1096 3514 1176 3566 decem
1189 3520 1247 3567 suat
1258 3514 1347 3584 utique
1361 3532 1408 3566 au-

899 3615 976 3652 mero.
1020 3599 1169 3652 Scribuntur
1193 3605 1275 3650 autem
1296 3607 1342 3668 per
1362 3610 1409 3651 xv

900 3685 916 3735 i.
936 3700 960 3737 e.
982 3686 1025 3736 διὰ
1044 3701 1075 3748 ιε,
1095 3683 1140 3736 scl.
1160 3697 1195 3755 κε
1213 3683 1273 3752 (sic)
1292 3683 1407 3752 copulata

900 3769 1034 3820 novissima
1054 3769 1152 3838 primae
1171 3779 1199 3820 ut
1219 3778 1299 3836 patet.
1337 3766 1409 3819 Scri·

900 3853 992 3904 bamur
1019 3863 1118 3914 autern,
1145 3851 1205 3922 quia
1224 3865 1234 3897 t
1254 3863 1280 3905 et
1304 3867 1327 3924 κ
1346 3863 1409 3904 sunt

900 3936 1056 4006 principales
1089 3947 1213 3988 matres
1246 3936 1409 3989 lectionis

899 4038 966 4092 quae
995 4039 1076 4092 quum
1096 4033 1192 4091 puncta
1211 4037 1268 4074 non
1286 4021 1408 4074 adessent

901 4105 958 4158 vice
979 4105 1111 4158 vocalium
1137 4123 1162 4170 a,
1186 4122 1206 4167 e,
1224 4105 1235 4157 ἰ
1250 4105 1294 4173 (de
1313 4123 1326 4157 o
1345 4117 1372 4158 et
1391 4123 1409 4156 a

900 4191 1003 4242 nullum
1032 4189 1140 4243 dubium
1169 4207 1231 4242 narn
1252 4203 1277 4242 et
1297 4201 1307 4260 Ἱ
1328 4191 1409 4260 paulo
1426 4235 1428 4242 .
