3230 5062
181 464 254 532 (νιι,
273 465 357 535 3-41]
606 465 698 514 ιιυιιιι
721 467 835 514 uacuus
1191 469 1250 535 177

180 663 336 752 pheteia),
353 681 384 730 et
398 661 571 730 securuium
595 685 668 730 suas
683 664 950 751 concupiscentias
965 686 1022 730 eos
1039 663 1097 730 sibi
1117 665 1252 753 prophe-

178 789 257 850 tare,
281 770 338 835 erit
361 769 413 836 ille
434 769 487 858 qui
511 767 596 835 iubet
618 785 649 836 et
673 770 774 836 maior
796 785 828 836 et
849 769 1041 837 dominatior
1068 771 1252 859 prophetico

180 879 308 966 spiritu,
326 899 426 966 quum
449 878 489 943 sit
512 876 630 944 homo:
652 875 739 965 quod
759 893 809 944 est
829 874 1035 964 impossibile.
1082 877 1142 945 Sed
1174 879 1251 946 tales

178 985 320 1074 quidem,
339 985 392 1073 qui
411 982 555 1052 iubentur
579 982 616 1050 ab
635 984 721 1072 ipsis,
740 985 877 1072 spirituS,
893 999 923 1050 et
939 985 1109 1073 loquuntur
1126 986 1250 1075 quando

179 1090 292 1157 volunt
311 1091 380 1179 ipsi,
399 1089 514 1156 terreni
533 1105 564 1156 et
583 1088 700 1156 infirmi
715 1089 844 1170 sunt;(¹)
866 1088 997 1156 audaces
1020 1107 1124 1156 autern
1144 1108 1175 1156 et
1190 1092 1252 1158 im-
1304 1083 1307 1088 ’

179 1195 342 1284 pudentes,
365 1221 383 1262 a
406 1196 519 1262 Satana
542 1196 677 1264 immissi
696 1195 733 1264 ad
753 1194 968 1263 seductionem
990 1213 1020 1264 et
1042 1195 1250 1285 perditionem

179 1327 304 1385 eorum,
326 1305 380 1392 qui
403 1326 469 1370 non
491 1303 619 1370 firmam
642 1301 749 1384 fidem,
772 1303 868 1392 quain
891 1301 930 1370 ab
952 1305 1042 1371 initio
1067 1328 1120 1393 per
1144 1306 1252 1374 Eccle-

179 1413 260 1478 siam
280 1427 475 1498 acceperunt,
494 1409 684 1478 custodiunt.

251 1539 281 1604 ς.
304 1517 413 1608 [WH.
437 1516 510 1596 VII,
532 1515 577 1607 4].
630 1515 743 1583 Adhuc
766 1518 860 1584 etiam
885 1533 915 1584 et
938 1519 1089 1584 amatoria
1114 1536 1144 1584 et
1167 1519 1250 1586 adle-

180 1625 332 1691 ctantia&
355 1621 461 1704 efficit,
480 1639 513 1689 ut
537 1639 568 1688 et
590 1623 774 1710 corporibus
797 1624 935 1711 ipsarum
955 1624 1181 1691 contumeliam
1204 1627 1248 1692 ir-

179 1749 280 1819 roget,
308 1730 357 1798 hic
389 1729 472 1796 idem
506 1729 633 1796 Marcus
658 1728 845 1818 quibusdam
873 1729 1068 1810 mulieribus,
1096 1733 1153 1797 etsi
1184 1753 1248 1798 aon

180 1839 345 1904 universis.
403 1837 470 1904 Hae
502 1837 685 1925 saepissime
712 1859 884 1904 conversae
913 1836 951 1904 ad
983 1837 1156 1905 Ecclesiam
1188 1839 1248 1906 Dei

178 2035 324 2100 λεύεσύαι
346 2038 381 2098 τὸ
399 2032 621 2120 προφητεύειν),
636 2035 689 2098 καλ
706 2037 781 2120 πρὸς
795 2037 848 2111 τὰς
864 2034 937 2112 ἰδίας
955 2035 1117 2120 ἐπιθυμίας
1133 2035 1249 2114 ἑαυτοῖς

179 2141 392 2226 μαντεύεσθαι,
415 2143 500 2240 ἔσται
522 2139 539 2204 ὁ
561 2139 695 2204 κελεύων
724 2139 832 2224 μείζων
854 2162 887 2204 τε
910 2143 963 2204 καὶ
988 2141 1166 2226 κυριώτερος
1195 2152 1248 2206 τοῦ

178 2258 363 2333 προφητικοῡ
389 2247 567 2332 πνεύματος,
588 2245 749 2331 ἄνθρωπος
772 2247 823 2328 ὢν,
846 2249 922 2332 ὅπερ
944 2248 1099 2312 ἀδύνατον.
1146 2246 1248 2314 Ἀλλὰ

178 2363 302 2418 τοιαῦτα
327 2353 514 2438 κελευόμενα
535 2349 588 2416 ὑπ’
600 2353 697 2416 αὐτῶν
719 2351 885 2435 πνεύματα,
908 2356 961 2418 καὶ
982 2353 1134 2418 λαλοῦντα
1156 2354 1246 2420 όπότε

179 2461 334 2546 βούλονται
364 2461 458 2536 αὐτοὶ,
489 2458 643 2544 όιιόσαύρα
663 2461 716 2522 καὶ
738 2459 851 2544 ἀδρανῆ
882 2462 956 2540 Ιιστι,
980 2460 1115 2545 τολμηρὰ
1137 2461 1171 2526 δὲ
1193 2463 1247 2526 καὶ

179 2567 296 2650 ἀναιδῆ,
319 2568 379 2630 ὑπὸ
400 2575 455 2630 τοῦ
478 2565 600 2630 Σατανόι
630 2561 848 2649 ἐκπεμπόμενα
879 2569 953 2650 πρός
982 2565 1164 2651 ἐξαπάτησεν
1194 2570 1248 2632 καὶ

179 2673 332 2738 ἀπώλειαν
357 2683 416 2738 τῶν
447 2677 490 2758 μὴ
520 2675 639 2736 εὔτονον
662 2675 715 2756 τὴν
738 2671 845 2756 πύστιν,
869 2673 905 2758 ἣν
928 2673 982 2738 ἀπ’
994 2675 1092 2760 ἀρχῆς
1123 2675 1172 2738 διὰ
1195 2685 1249 2760 τῆς

180 2781 368 2867 Ἐκκλησιας
384 2779 566 2866 παρέλαβον,
585 2779 810 2863 φυλασσόντων.

250 2907 278 2974 5.
301 2887 371 2954 Ἔτι
393 2888 427 2952 δὲ
450 2887 557 2971 ριλτρα
578 2888 631 2950 καὶ
652 2884 802 2971 ardescunt,
820 2889 895 2972 πρὸς
912 2891 946 2952 τό
963 2891 1017 2952 καὶ
1034 2897 1096 2964 τοῖς
1113 2886 1248 2972 σώμασιν

179 2998 278 3060 αὐτῶν
299 2993 467 3082 ἐνυβριζειν,
491 2995 609 3077 ἐμποιεῖ
630 2995 717 3070 οὗτος
731 2993 749 3058 ό
762 2992 889 3077 Μάρκος
902 2993 993 3070 Ινίαις
1011 3003 1070 3060 τῶν
1086 3003 1245 3078 γυναικῶν,

180 3105 207 3168 εἰ
220 3105 273 3168 καὶ
287 3105 328 3186 μὴ
343 3103 469 3179 πόσαις·
513 3103 601 3166 obtat
616 3099 764 3177 πολλάκις
778 3099 996 3184 ἑπιστρύρασσιι
1011 3102 1053 3178 εἰς
1067 3103 1120 3184 τὴν
1136 3100 1247 3185 ἐνιπλη-

179 3277 300 3348 gnandos
332 3275 445 3328 arbitros
472 3273 626 3346 praesertim
648 3273 685 3326 bi·
739 3271 835 3326 horum
854 3272 994 3344 spirituum
1007 3285 1070 3326 nota
1081 3273 1149 3342 apud
1160 3271 1245 3328 Τειιτ.

180 3361 273 3414 bendi:
287 3357 332 3414 cfr.
346 3359 456 3412 Ηοιιιιτ.
470 3357 517 3412 od.
532 3358 552 3422 I,
565 3373 596 3424 43
609 3357 642 3422 11,
656 3371 685 3426 7;
740 3355 814 3427 Apol.
829 3371 859 3422 23
875 3357 963 3410 doceri
976 3357 1082 3428 spiritus
1094 3357 1245 3410 huiusmodi

181 3446 216 3498 ita
230 3445 275 3497 scl.
294 3455 323 3496 ut
338 3444 395 3514 quis
414 3457 555 3496 numerum
570 3441 685 3495 talorum
739 3440 923 3496 destructorum
945 3443 1057 3507 animas,
1076 3459 1106 3496 ac
1131 3441 1247 3512 praecise

180 3529 362 3600 prophetasset
378 3527 399 3581 is
414 3527 511 3582 arbiter
526 3539 608 3581 esset:
623 3526 686 3580 hinc
739 3541 881 3595 puerorum
896 3543 967 3579 esse:
986 3527 1098 3597 idipsum
1116 3527 1184 3597 apud
1200 3527 1246 3580 rte-

180 3613 349 3684 sibimetipsis
369 3613 484 3666 invicem
508 3611 636 3681 imperare
658 3621 685 3663 ut
739 3627 793 3680 cop.
826 3609 904 3663 Clean.
934 3610 966 3676 ΙΙ,
998 3626 1038 3678 13,
1065 3611 1158 3664 Simon
1189 3611 1243 3665 M.:

180 3699 347 3770 prophetent.
743 3693 843 3747 «Pueri
863 3695 1005 3764 incorrupti
1018 3709 1045 3749 et
1058 3695 1189 3748 violenter
1201 3712 1246 3748 rre-

217 3782 260 3852 (ι)
278 3782 312 3836 ii
326 3799 350 3836 e.
365 3798 421 3836 non
435 3781 618 3852 propheticum
634 3779 686 3849 spi·
743 3777 817 3832 «cati
836 3779 955 3832 animam
978 3779 1133 3833 iuramentis
1155 3778 1246 3832 ineffa-

181 3867 262 3920 ritum
288 3866 411 3920 Mareosii
439 3865 551 3928 habent3
580 3865 626 3918 sed
647 3864 685 3918 io
743 3863 859 3916 «bilibus
878 3873 1017 3918 evocatam
1036 3865 1163 3918 adsistere
1181 3864 1246 3917 mihi

179 3963 297 4022 quuntur
308 3968 323 4003 a
333 3949 466 4020 spiritibus
479 3949 564 4012 malis,
574 3947 687 4001 terrenis
745 3945 816 4000 «feci
835 3959 885 4000 etc.
895 3967 921 4000 ν.

180 4049 207 4088 et
225 4035 335 4088 homine
348 4034 455 4087 vivente
470 4031 640 4098 infimiores,
656 4047 688 4085 ac
777 4034 819 4098 (2)
838 4031 952 4086 Subrudi
969 4033 1074 4104 ροοιιλσς
1094 4030 1141 4084 cfr.
1161 4048 1185 4086 c.
1205 4046 1248 4100 23,

179 4117 240 4171 ideo
250 4117 629 4188 iussumeorurnrecipientes;
642 4133 687 4170 au·
744 4129 773 4182 3;
789 4129 832 4182 25,
860 4129 875 4168 2
903 4117 997 4170 eadem
1025 4117 1059 4170 de
1085 4115 1194 4169 Simone
1220 4127 1248 4170 et

179 4203 256 4255 daces
274 4215 368 4256 tamen
383 4213 433 4256 etc.
470 4201 511 4255 De
532 4199 688 4256 infirmitate
740 4199 907 4271 Carpocrate.

252 4413 307 4457 ιιυι.
321 4414 388 4456 swa.
403 4413 459 4458 rm.
474 4415 529 4468 (sa.
545 4415 576 4467 11)
591 4415 630 4456 ιιι.
1142 4393 1176 4448 12
