3288 5060
220 481 454 552 (xxm-xxvi]

643 483 734 530 LIBER
758 483 871 528 PRIMUS

1225 481 1284 547 271
1314 446 1318 454 ¹

289 701 318 746 2.
344 679 447 771 [WH.
476 677 596 769 XXVJ.
642 678 743 759 Quae
765 697 848 744 surrr
872 697 961 761 Quas
984 675 1141 743 Marcion
1162 695 1289 742 nocuu-

221 807 283 853 rtrr.
330 784 507 853 Succedens
529 800 634 852 autem
651 785 679 850 ei
698 783 843 850 Marcion
865 783 1026 864 Ponticus,
1038 781 1071 836 (¹)
1089 777 1289 869 adampliavit

220 893 409 976 doctrinam,
438 891 635 980 impudorate
667 889 886 979 blasphemans
913 913 987 956 eum
1020 889 1073 977 qui
1104 912 1122 954 a
1155 889 1223 976 lege
1258 905 1288 954 et

220 999 379 1088 prophetis
402 999 606 1066 annunciatus
629 1014 676 1064 est
699 997 797 1077 Deus,
822 996 979 1062 malorum
996 994 1159 1077 factorem,
1178 1011 1208 1061 et
1224 993 1289 1059 bel-

222 1107 327 1173 lorum
351 1107 636 1193 concupiscentem,
667 1120 698 1170 et
721 1105 951 1169 inconstantem
974 1125 1099 1191 quoque
1126 1103 1287 1182 sententia,

222 1231 252 1280 et
267 1213 459 1280 contrarium
475 1209 534 1278 sibi
550 1213 655 1299 ipsum
670 1209 786 1277 dicens.
796 1210 829 1263 (²)
873 1210 978 1276 Iesum
993 1225 1099 1274 autem
1115 1206 1153 1274 ab
1173 1229 1211 1274 eo
1230 1207 1290 1272 Pa-

221 1338 279 1402 tre,
294 1321 347 1409 qui
365 1336 413 1386 est
439 1341 533 1407 super
555 1317 666 1385 mundi
690 1315 909 1384 fabricatorem
925 1313 1043 1398 Deum,
1057 1316 1237 1382 venientem
1256 1315 1288 1380 in

221 1425 367 1493 Iudaeam
389 1422 584 1514 temporibus
602 1425 707 1490 Pontii
726 1425 818 1490 Pilati
841 1420 1000 1511 praesidis,
1018 1423 1072 1510 qui
1096 1421 1153 1488 fuit
1177 1442 1289 1509 procu-

221 1550 306 1600 rator
324 1532 445 1599 Tiberii
470 1531 624 1612 Caesaris,
637 1531 670 1584 (⁵)
693 1532 726 1596 in
752 1529 891 1597 hominis
921 1527 1024 1595 forma
1055 1526 1287 1594 manifestatum

259 1771 300 1835 (1)
319 1767 359 1820 De
378 1767 514 1820 Marcione
538 1768 592 1820 late
616 1782 647 1819 ac
670 1783 728 1835 per·
753 1827 757 1836 ι

223 1853 299 1907 docte
309 1851 455 1916 Hanuacr,
467 1849 585 1904 Chronol.
597 1863 646 1920 ²97
658 1867 728 1921 sqq:

224 1937 363 2006 Dogmang.
374 1935 395 2000 1,
411 1947 461 2000 254
473 1951 529 2005 sqq.
562 1933 654 1997 Quum
664 1950 729 1986 vero

223 2021 275 2072 iarn
287 2021 313 2072 in
320 2018 441 2073 hacBibl.
449 2019 510 2085 (ser.
516 2018 598 2085 111,4)
611 2035 729 2088 praeces·

223 2107 284 2159 serit
297 2122 362 2176 opus
371 2103 511 2156 Tremit.
522 2101 590 2155 Ado.
602 2101 728 2155 Marcion.

223 2190 323 2242 dehoc
342 2187 476 2242 haeretico
494 2185 554 2239 sons
576 2187 728 2256 princepsa

223 2272 338 2344 pluribus
368 2270 568 2326 commentariis
598 2270 730 2324 abstinere

224 2373 368 2428 possumus.
387 2355 523 2408 -Natus
541 2365 581 2408 est
600 2354 729 2418 Marcion,

223 2440 337 2512 episcopi
362 2438 430 2492 lilius
453 2439 560 2511 Synope
580 2438 608 2491 in
633 2438 729 2500 Ponto,

223 2526 371 2582 navarchus
384 2525 500 2595 primum
513 2523 609 2588 extitit,
622 2534 729 2594 propter

224 2623 341 2681 stupmm
362 2609 394 2661 ab
413 2607 530 2672 Ecclesia
555 2607 662 2672 eiectus,
676 2606 729 2659 Ro-

222 2711 296 2748 mam
320 2695 368 2746 sub
392 2693 439 2746 Pio
461 2695 496 2761 (c.
516 2710 539 2748 a.
562 2693 624 2761 150)
643 2691 726 2756 venit,

222 2778 334 2830 invaluit
346 2777 393 2831 sub
412 2777 534 2832 Aniceto.
580 2774 649 2828 Eum
668 2787 729 2827 ante

223 2874 284 2915 ante
297 2861 435 2916 irenaeum
445 2859 668 2932 impugnaverant
679 2859 728 2912 Po-

223 2948 354 3017 lycarpus,
376 2945 499 3010 lustinus,
514 2945 666 3016 (Syratagma
681 2951 726 2996 clr.

225 3035 308 3088 Marc.
334 3033 400 3105 [Clr.
428 3034 495 3088 lren.
521 3034 568 3099 IV,
587 3032 614 3098 6,
636 3048 665 3097 23
688 3031 729 3085 V:

225 3117 267 3182 26,
287 3119 328 3190 2])
342 3119 484 3182 Modestus,
499 3117 644 3189 Dionysius
657 3117 728 3182 Cor,

224 3205 358 3274 Philippus
377 3221 391 3256 a
410 3203 542 3274 Gortyna,
555 3203 656 3267 Melito‚
677 3203 728 3255 He-

224 3289 345 3359 gesippus
356 3287 396 3357 [hi
406 3305 445 3358 ap.
460 3287 523 3340 Eus.
537 3286 571 3351 V,
588 3285 627 3350 16,
639 3287 684 3356 21]
699 3303 729 3338 ac

225 3372 402 3426 Turorunus
420 3373 493 3424 Aur.
514 3375 560 3442 (ep.
578 3371 612 3422 ad
628 3369 729 3423 Authol.

225 3469 250 3510 et
278 3457 336 3510 aliis
364 3456 506 3526 deperditis
530 3455 642 3526 scriptis,
661 3455 730 3508 inter

225 3559 291 3612 quae
300 3545 465 3608 Λόγοςκατά
474 3540 631 3606 Μαρκίωνος
639 3557 730 3610 exquo

225 3643 270 3679 sua
290 3626 408 3680 hausisse
433 3625 571 3680 Irenaeum
600 3625 731 3690 Harnaclr,

224 3711 305 3775 Zahn,
333 3709 422 3764 Waitz
446 3723 495 3764 etc.
521 3711 638 3781 putant),
658 3710 730 3762 Rho-

224 3796 278 3849 don
294 3808 345 3848 etc.
365 3795 508 3848 -Priora
530 3801 609 3848 verba
637 3811 731 3866 graeca

224 3880 300 3932 huius
324 3881 338 3949 §
363 3880 399 3933 ita
425 3880 505 3934 tradit
530 3879 626 3932 Eusra.
652 3880 669 3931 l.
693 3896 731 3932 c.:

225 3966 415 4030 Διαδεξάμενος
433 3966 464 4016 δὲ
483 3967 563 4017 αὐτὸν
577 3965 703 4029 Μαρκίων
716 3966 731 4015 ὁ

225 4050 361 4110 Ποντικός,
380 4050 479 4116 ηὔξησε
495 4051 525 4100 τὸ
544 4049 732 4100 διδασκαλεῖον

224 4133 475 4197 &repropitiaretur
494 4133 671 4200 βλααφημῶν.
683 4171 702 4184 ..

260 4217 302 4284 (1)
318 4216 444 4269 Doctrina
455 4217 598 4270 Marcionis
611 4233 643 4269 eo
657 4216 732 4269 dum·

782 1779 855 1822 taxat
874 1785 935 1820 cum
957 1765 1130 1838 gnosticisme
1155 1765 1289 1830 convenit,

782 1853 852 1923 quod
872 1851 1000 1904 mundum
1019 1867 1074 1902 non
1099 1851 1131 1902 ab
1150 1848 1289 1901 Altissimo

782 1936 841 1990 Deo
859 1939 951 2006 (quem
976 1935 1083 2005 quidem
1102 1937 1138 1998 ὡς
1154 1937 1217 1986 ὄντα
1235 1937 1288 1999 μεί-

782 2025 849 2086 ζονα
866 2024 900 2073 τὰ
918 2023 1027 2086 μείζονα
1043 2023 1115 2085 παρὰ
1133 2019 1225 2071 τοῦτον
1243 2035 1289 2070 rta-

781 2101 1289 2172 ποιηκέναιεκίεῑίηῑαδαῑ[ΙυετᾸ.26]),

782 2189 827 2242 sed
840 2190 873 2241 ab
883 2187 1007 2241 inferiore¹
1014 2187 1161 2256 Demiurgo
1171 2197 1288 2238 creatum

782 2274 862 2338 dicat,
880 2290 894 2325 a
914 2290 966 2345 quo
985 2271 1065 2326 etiam
1085 2270 1210 2342 quidquid
1232 2286 1288 2324 ma-

782 2359 865 2411 teriae
893 2369 919 2410 et
949 2357 1066 2426 eorporis
1096 2365 1145 2419 est,
1175 2353 1287 2408 derivat.

783 2441 883 2494 Verum
903 2440 967 2494 illud
985 2439 1121 2510 proprium
1137 2437 1184 2490 sibi
1204 2439 1289 2491 viudi-

783 2538 834 2590 cat,
862 2537 921 2596 post
946 2524 1096 2588 Basilidem,
1124 2523 1193 2593 quod
1219 2523 1289 2575 hunc

782 2610 870 2664 Deum
882 2610 968 2681 Legis,
984 2609 1096 2662 alterum
1107 2625 1179 2672 vero,
1192 2619 1289 2662 etcum

782 2696 833 2749 hoc
846 2695 991 2759 Christum,
1004 2693 1092 2746 Deum
1100 2691 1239 2763 Evangelii
1251 2692 1288 2743 di·

784 2794 839 2842 cat3
859 2781 927 2834 inter
946 2790 1086 2849 utrumque
1102 2788 1190 2830 autem
1206 2775 1289 2828 mari·

785 2882 856 2917 mam
879 2864 1086 2916 «diversitatem
1110 2861 1288 2930 ingeniorum,

786 2968 800 2998 «
810 2949 907 3019 legum,
923 2947 1075 3000 virtutum»
1088 2943 1186 3013 (Terta.
1204 2943 1289 2996 Marc.

783 3033 803 3098 l,
826 3047 866 3102 19,
889 3034 917 3095 2)
942 3031 1074 3101 praedicet
1102 3029 1134 3081 de
1162 3045 1212 3099 qua
1238 3029 1290 3081 late

782 3116 962 3169 Tertullianus
972 3114 1083 3167 disserit.
1122 3112 1190 3166 Hinc
1201 3124 1229 3165 ut
1244 3113 1291 3164 m-

783 3201 916 3254 tissimum
946 3211 972 3252 et
1000 3198 1136 3252 Christum
1168 3197 1288 3260 extollat,

783 3285 958 3355 Demiurgum
986 3301 1032 3336 seu
1057 3283 1290 3336 Cosmocratorem

784 3371 891 3440 indigne
910 3368 1044 3439 deprimit,
1056 3383 1220 3436 exaggerans
1233 3382 1292 3418 onr-.

784 3455 828 3507 nia
849 3471 916 3525 quae
944 3454 971 3505 in
999 3452 1032 3504 V.
1060 3453 1119 3522 lege
1147 3451 1291 3504 christiano

784 3539 870 3592 sensui
882 3537 969 3591 minus
981 3537 1124 3590 convenire
1133 3539 1225 3606 (quum
1237 3536 1292 3606 ipse

784 3625 899 3677 litteram
918 3622 1049 3676 serviliter
1066 3621 1230 3693 sequeretur)
1247 3639 1291 3673 au-

783 3709 911 3761 tumabat.

821 3791 1120 3862 (tlEvanglucaesec.
1129 3791 1291 3845 Marcionem

784 3876 825 3930 his
856 3876 942 3929 verbis
962 3875 1124 3946 incipiebat:
1150 3875 1292 3927 «Decimo

789 3963 905 4032 «quinto
935 3977 1007 4012 anno
1035 3959 1136 4012 Tiberii
1162 3958 1292 4020 Caesaris,

789 4045 908 4098 «Pontio
941 4043 1028 4096 Pilato
1060 4051 1217 4112 procurante
1251 4040 1292 4092 lu-

789 4132 929 4184 «daeamn
955 4127 1066 4198 [nempe
1089 4126 1135 4178 sub
1155 4124 1293 4188 Gentibus,

786 4233 840 4268 non
854 4216 901 4267 sub
914 4213 1029 4282 ludaeis]
1048 4233 1060 4261 υ
1071 4209 1205 4265 descendit
1221 4209 1292 4282 Deus
