3238 5090
374 498 438 583 462
700 515 830 564 insuam
854 515 930 560 anu.
951 515 1107 560 naereses
1123 511 1440 582 [xxxl1‚4-xxxl11,1

374 710 575 796 Quapropter
598 723 628 772 et
651 708 684 774 in
706 706 792 774 illius
815 707 956 790 nomine,
977 707 1029 796 qui
1053 728 1128 772 vere
1146 706 1230 772 illius
1253 723 1327 773 sunt
1349 705 1445 772 disci·

373 815 436 904 puli
460 812 497 880 ab
521 815 590 902 ipso
606 813 793 902 accipientes
816 815 961 902 gratiam,
976 811 1140 902 perficiunt
1163 811 1201 880 ad
1225 811 1374 879 beneficia
1394 835 1446 879 re-

372 921 531 1009 liquorum
563 919 744 1001 hominum,
775 919 1046 1008 quemadmodum
1079 920 1292 1008 unusquisque
1324 920 1444 1006 accepit

372 1027 493 1096 donum
517 1027 555 1094 ab
573 1049 622 1094 eo.
683 1027 747 1094 Alii
769 1029 855 1094 enim
879 1025 1050 1093 daemones
1068 1025 1236 1093 excludunt
1259 1025 1444 1092 firmissime

373 1152 404 1202 et
422 1158 505 1216 vere,
525 1151 559 1200 ut
582 1135 676 1202 etiam
695 1136 877 1222 saepissime
894 1132 1021 1200 credant
1039 1133 1098 1221 ipsi
1116 1134 1170 1220 qui
1190 1130 1348 1199 emundati
1369 1147 1444 1197 sunt

373 1265 391 1308 a
413 1240 615 1330 nequissimis
638 1239 808 1328 spiritibus,
833 1256 863 1306 et
886 1241 949 1306 sint
972 1240 1005 1304 in
1029 1239 1182 1306 Ecclesia:
1206 1238 1257 1305 alii
1280 1254 1387 1304 autem
1412 1252 1444 1304 et

373 1348 608 1436 praescientiam
642 1345 756 1412 habent
785 1345 975 1426 futurorum,
1000 1361 1030 1412 et
1052 1345 1204 1426 visioneS,
1228 1360 1259 1410 et
1287 1343 1443 1412 dictiones

374 1451 579 1541 propheticas.
628 1450 693 1516 Alii
716 1465 821 1516 autem
845 1449 1026 1540 laborantesv
1046 1449 1146 1537 aliqua
1170 1447 1363 1527 infirmitate,
1386 1471 1443 1536 per

375 1581 486 1625 manus
519 1558 757 1646 impositionem
792 1573 911 1638 curant,
946 1572 977 1622 et
1012 1579 1106 1624 sanos
1140 1557 1315 1623 restituunt.
1373 1557 1442 1622 Iam

374 1666 479 1746 etiam,
497 1662 765 1753 quemadmodum
788 1663 938 1745 diximus,
957 1680 988 1730 et
1011 1665 1129 1730 mortui
1149 1678 1395 1743 resurrexerunt,
1411 1680 1444 1728 et

373 1788 649 1860 perseveraverunt
669 1770 834 1837 nobiscum
854 1772 944 1837 annis
964 1771 1120 1837 multis.(¹)
1166 1770 1205 1836 Et
1222 1768 1297 1859 quid
1315 1769 1444 1835 autem?

374 1879 450 1947 Non
473 1895 519 1944 est
545 1899 715 1944 numerum
739 1875 842 1944 dicere
864 1879 1047 1966 gratiarum,
1070 1900 1148 1966 quas
1180 1898 1233 1966 per
1256 1878 1443 1943 uniuersum

376 1983 531 2051 mundum
555 1985 694 2051 Ecclesia
712 2008 729 2050 a
749 1985 820 2050 Deo
836 1986 1002 2073 accipiens,
1017 1985 1050 2050 in
1073 1985 1203 2050 nomine
1221 1983 1339 2051 Christi
1359 1985 1444 2066 lesu,

375 2091 513 2158 crucifixi
538 2089 595 2156 sub
619 2091 734 2156 Pontio
754 2090 865 2172 Pilat0,
882 2113 936 2178 per
956 2090 1097 2178 singulos
1115 2089 1183 2158 dies
1206 2091 1239 2156 in
1261 2089 1446 2178 opitulatio-

374 2221 447 2264 nem
472 2199 613 2286 gentium
638 2197 768 2286 perficit,
796 2195 1071 2286 nequevseducens
1094 2198 1243 2285 aliquem,
1267 2220 1324 2264 nec
1347 2221 1444 2285 pecu-

374 2438 427 2502 καί
442 2437 474 2500 ἐν
489 2446 530 2522 τῷ
546 2435 662 2501 ἐκείνου
677 2434 799 2521 ὀνόματι
814 2435 841 2502 οἱ
856 2437 981 2522 ἀληθῶς
995 2439 1087 2502 αὐτοῦ
1101 2436 1248 2522 μαθηταί,
1264 2435 1337 2521 παρ’
1349 2439 1445 2500 αὐτοῦ

374 2542 517 2631 λαβόντες
538 2547 591 2628 τὴν
614 2545 711 2629 χάριν,
735 2544 922 2610 ἐπιτελοῦσιν
948 2543 999 2608 ἐπ’
1011 2545 1168 2630 εὐεργεσίᾳ
1189 2553 1226 2627 τη
1248 2553 1307 2608 τῶν
1329 2543 1445 2607 λοιπῶν

375 2649 551 2734 ἀνθρώπων,
561 2651 668 2728 καθὼς
682 2653 722 2726 είς
737 2651 867 2727 ἕκαστος
877 2653 975 2714 αὐτῶν
987 2653 1040 2734 τὴν
1052 2651 1165 2734 δωρεὰν
1177 2650 1298 2733 εἴληφεν
1309 2649 1383 2734 παρ’
1391 2652 1445 2713 αὐ-

374 2765 437 2820 τοῦ.
476 2755 515 2821 Οἳ
526 2759 580 2841 μὲν
595 2759 654 2841 γὰρ
669 2755 810 2839 δαίμονας
825 2756 1000 2820 ἐλαύνουσιν
1013 2755 1136 2842 βεβαίως
1151 2757 1204 2819 καί
1214 2755 1349 2840 ἀληθῶς,
1362 2757 1445 2820 ὥστε

374 2861 521 2938 πολλάκις
535 2864 588 2926 καί
602 2861 752 2926 πιστεύειν
767 2860 899 2938 ἐκείνους
913 2864 1022 2938 αὐτοὺς
1035 2865 1103 2939 τοὺς
1118 2861 1366 2946 tetraptotam:
1381 2863 1445 2925 ἀπὸ

374 2977 431 3032 τῶν
453 2978 590 3053 πονηρῶν
612 2969 799 3052 πνευμάτων,
822 2971 875 3032 καί
889 2970 962 3032 είναι
977 2967 1009 3032 ἐν
1025 2978 1063 3053 τῇ
1079 2967 1239 3052 ἐκκλησίᾳ.
1286 2967 1324 3032 Οἳ
1339 2967 1373 3031 δὲ
1391 2971 1446 3031 καὶ

373 3075 540 3159 πρῦγνωσιν
555 3075 678 3158 ἔχουσιν
688 3084 748 3138 τῶν
760 3072 941 3158 μελλόντων,
953 3077 1007 3138 καί
1017 3075 1173 3156 ὀπτασίας,
1188 3075 1242 3137 καί
1256 3073 1357 3159 ῥήσεις
1371 3095 1445 3157 προ-

373 3181 510 3265 φητικίις.
556 3180 669 3245 Ἀλλοι
691 3182 724 3244 δὲ
748 3185 815 3256 τοὺς
838 3180 1006 3265 κάμνοντας
1025 3181 1074 3244 διὰ
1094 3189 1147 3264 της
1169 3189 1226 3244 τῶν
1245 3189 1357 3265 χειρῶν
1379 3179 1444 3244 ἐπι-

374 3285 491 3364 θέσεως
514 3288 622 3368 ἐῶνται,
652 3289 704 3352 καὶ
734 3288 825 3371 ὑγιεῖς
855 3289 1108 3352 ἀποκαθιστᾶσιν.
1161 3285 1243 3372 Ἤδη
1266 3287 1310 3368 δὲ,
1334 3287 1444 3363 καθὼς

373 3395 497 3476 ἔφαμεν,
515 3397 568 3458 καί
585 3396 684 3476 νεκροί
702 3393 889 3479 ἠγέρθησαν,
913 3396 967 3458 καὶ
988 3391 1169 3478 παρέμειναν
1190 3397 1245 3456 σῦν
1260 3393 1329 3476 ἡμῖν
1344 3395 1443 3457 ἔτεσιν

374 3499 492 3575 ἱκανοῖς.
532 3499 605 3580 Καί,
618 3498 644 3562 τί
656 3499 733 3584 γάρ,
745 3501 802 3562 οὐκ
817 3503 897 3563 ἔστιν
912 3500 1043 3584 ἀριθμὸν
1058 3499 1151 3563 εἰπεῖν
1164 3507 1223 3562 τῶν
1237 3497 1442 3584 χαρισμάτων,

373 3607 415 3670 ὧν
436 3608 642 3682 κατὰπαντὸς
661 3614 713 3669 τοῦ
731 3601 850 3688 κόσμου
867 3607 887 3690 ἡ
904 3604 1076 3690 Ἐκκλησία
1094 3609 1176 3690 παρίι
1194 3603 1275 3670 Θεοῦ
1293 3603 1443 3691 λαβοῦσα,

373 3713 406 3776 ἐν
428 3719 469 3794 τῷ
492 3711 614 3795 ὀνόματι
637 3710 740 3797 Ἰησοῦ
759 3712 893 3796 Χριστοῦ
911 3720 964 3776 τοῦ
983 3711 1211 3796 σταυρωθέντος
1234 3711 1284 3775 ἐπὶ
1314 3711 1444 3777 Ποντίου

375 3817 509 3883 Πιλάτου
527 3816 659 3902 ἐκίιστης
676 3817 789 3902 ἡμέρας
808 3817 858 3882 ἐπ’
871 3816 1029 3903 εὐεργεσίᾳ
1046 3829 1083 3901 τη
1099 3827 1158 3882 τῶν
1180 3817 1279 3882 ἐθνῶν
1300 3817 1444 3902 ἐπιτελεῖ,

411 4062 660 4133 (r)Cfr.Ttusoau.
681 4063 724 4116 Ad
744 4061 845 4116 Aulhol.
861 4064 882 4129 l,
935 4075 975 4117 est
993 4063 1177 4118 testimonium
1205 4063 1257 4117 hoc
1283 4063 1385 4118 lrenaei
1413 4067 1446 4119 de

379 4163 422 4215 13:
435 4147 479 4219 qui
488 4160 579 4200 tamen
589 4148 621 4200 de
632 4147 881 4200 resuscitatisaDo-
935 4147 1137 4201 charismatibus
1161 4148 1190 4200 in
1213 4147 1330 4202 Ecclesia
1350 4151 1446 4220 perdu-

375 4232 450 4285 mino
468 4231 592 4302 loquitur.
630 4231 697 4284 Sane
713 4233 880 4303 potissimum
935 4233 1063 4286 rantibus.
1099 4229 1153 4285 Cfr.
1163 4231 1198 4297 V,
1208 4231 1383 4298 VI,1etEUS.
1394 4235 1412 4286 l.
1423 4251 1446 4287 c.
