3230 5062
193 455 228 525 (l,
247 457 300 526 st]
617 455 708 502 Hm
727 455 845 502 m
1197 451 1258 518 ¹⁰7

194 654 228 718 in
250 653 397 718 Aeonum
421 649 575 718 honorem
597 651 705 716 omnia
728 648 839 731 facere,
858 649 1010 737 imagines
1028 647 1135 714 dicunt
1151 645 1261 714 fecisse

195 759 349 846 ipsorum,
381 758 482 845 magis
505 773 610 822 autern
634 754 829 824 Salvatorem
860 777 914 842 per
941 756 1052 842 ipsam.
1098 753 1137 818 Et
1160 754 1261 840 ipsam

194 863 334 952 quidem,
344 865 377 930 in
389 865 526 952 imagine
541 860 706 929 invisibilis
722 862 834 940 Patris,
848 873 1050 928 conservasse
1068 861 1260 946 incognitam

195 993 212 1037 a
236 971 422 1058 Demiurgo
468 969 560 1036 Hunc
580 986 685 1035 autem
701 968 852 1056 unigeniti
870 967 955 1034 Filii:
972 967 1165 1056 reliquorum
1184 987 1261 1032 vero

195 1079 343 1144 Aeonum
362 1099 428 1159 eos,
447 1077 500 1165 qui
520 1074 559 1142 ab
581 1074 643 1142 hoc
667 1073 739 1142 facti
762 1090 835 1141 sunt
858 1073 959 1162 angeli
982 1089 1013 1140 et
1031 1071 1216 1161 archangeli.

264 1203 293 1249 2.
318 1183 443 1250 Patrem
467 1184 569 1272 itaque
592 1199 622 1248 et
650 1181 745 1250 deum
768 1180 875 1248 dicunt
899 1179 1016 1246 factum
1045 1201 1156 1246 eorum
1182 1195 1261 1266 quae

194 1307 268 1356 sunt
281 1306 366 1356 extra
378 1288 534 1370 Pleroma,
546 1286 764 1354 fabricatorem
784 1309 852 1353 esse
868 1287 1013 1353 omnium
1038 1283 1260 1373 psychicorum

193 1413 225 1461 et
241 1393 430 1482 hylicorum.
476 1393 678 1482 Separantem
697 1393 782 1460 enim
799 1390 876 1458 duas
895 1389 1081 1458 substantias
1103 1389 1261 1470 confusas,

193 1521 225 1569 et
247 1501 286 1568 de
305 1500 550 1590 incorporalibus
569 1500 741 1588 corporalia
757 1499 934 1581 facientem,
942 1499 976 1552 (¹)
998 1497 1163 1565 fabricasse
1182 1521 1261 1586 quae

194 1625 267 1678 sunt
290 1609 430 1676 caelestia
454 1627 484 1676 et
506 1625 638 1690 terrena,
661 1625 692 1674 et
715 1608 832 1675 factum
851 1606 1029 1694 hylicorum
1048 1622 1078 1673 et
1096 1604 1262 1695 psychico·

195 1739 278 1796 rum,
297 1715 479 1782 dextrorum
503 1732 533 1782 et
551 1716 751 1782 sinistrorum
768 1711 996 1793 fabricatorem,
1013 1711 1128 1779 levium
1145 1730 1176 1780 et
1191 1733 1262 1799 gra-

194 1824 294 1902 vium,
315 1843 440 1888 sursum
463 1820 688 1903 advolantium,
711 1838 742 1887 et
764 1821 914 1888 deorsum
941 1816 1192 1906 devergentium:
1213 1841 1262 1885 se-

194 1947 280 2016 ptem
305 1949 428 2016 quoque
452 1928 554 1996 caelos
579 1927 700 2011 fecisse,
723 1951 815 2016 super
847 1949 928 2015 quos
952 1926 1163 2014 Demiurgum
1191 1949 1260 1994 esse

193 2091 292 2154 arima
314 2099 446 2174 ποιῆσαι,
470 2090 588 2166 εἰκόνας
610 2089 733 2175 λέγουσι
751 2087 946 2174 πεποιηκέναι
964 2091 1071 2171 αὐτῶν,
1089 2087 1205 2174 μᾶλλον
1227 2089 1260 2152 δὲ

194 2202 245 2261 τον
271 2185 399 2280 Σωτῆρα
424 2194 462 2260 δι’
474 2199 583 2282 αὐτῆς·
611 2199 664 2260 καὶ
690 2198 783 2281 αὐτὴν
806 2197 860 2281 μὲν
882 2195 916 2258 ἐν
938 2196 1029 2260 εἰκόνι
1052 2205 1104 2260 τοῦ
1131 2195 1261 2280 ἀοράτου

194 2303 314 2388 Πατρος
342 2302 534 2388 τετηρηκέναι
566 2306 606 2387 μὴ
636 2301 860 2388 γινωσκομένην
888 2302 946 2366 ὑπὸ
974 2311 1026 2366 τοῦ
1050 2303 1259 2387 Δημιουργοῶ·

192 2420 297 2474 τοῦτον
312 2409 346 2474 δὲ
360 2417 413 2472 τοῦ
432 2417 610 2494 μονογενοῦς
624 2408 706 2492 tion,
725 2417 783 2472 τῶν
801 2408 834 2472 δὲ
854 2409 967 2472 λοιπῶν
982 2406 1105 2474 Αἰῶνων
1119 2413 1188 2486 τοὺς
1202 2409 1259 2473 ὑπὸ

194 2514 299 2579 τούτου
316 2511 479 2599 γεγονότας
496 2513 706 2600 ἀρχαγγέλους
723 2535 757 2578 τε
775 2517 827 2578 καὶ
845 2513 1003 2600 ἀγγέλους.

263 2638 292 2684 2.
310 2620 433 2706 Πατέρα
447 2623 500 2684 οὗν
512 2623 565 2684 καὶ
583 2620 657 2685 θεὸν
672 2618 812 2705 λέγουσιν
828 2622 918 2684 αὐτὸν
930 2619 1084 2704 γεγονέναι
1099 2628 1157 2684 τῶν
1173 2620 1260 2697 ἐκτὸς

195 2735 247 2788 τοῦ
264 2725 480 2812 Πληρῶματος,
499 2729 625 2812 ποιητὴν
641 2729 712 2790 ὂντα
727 2727 846 2792 πάντων
863 2728 1000 2812 ψυχικῶν
1014 2749 1046 2790 τε
1062 2731 1114 2792 καὶ
1133 2729 1259 2792 ὑλικῶν·

194 2833 383 2918 διακρίναντα
397 2837 456 2918 γὰρ
471 2836 525 2911 τὰς
540 2833 593 2898 tto
608 2834 710 2912 οὐσίας
725 2833 962 2918 συγκεχυμένας,
979 2837 1031 2898 καὶ
1046 2833 1078 2911 ἐξ
1094 2834 1261 2917 ἀσωμάτων

195 2940 492 3024 οωματοποιήσαντα,
509 2939 794 3026 δεδημιουργηκέναι
808 2941 846 3005 alr
859 2961 893 3005 τε
908 2939 1029 3024 οὐράνια
1043 2943 1096 3005 καὶ
1111 2946 1148 3004 τὰ
1162 2941 1259 3026 γήϊνα,

195 3049 246 3110 καὶ
267 3045 422 3130 γεγονέναι
444 3045 554 3110 ὑλικῶν
577 3049 629 3111 καὶ
652 3048 800 3132 ψυχικῶν,
824 3045 926 3124 δεξιῶν
948 3049 1001 3111 καὶ
1021 3048 1185 3132 ἀριστερῶν
1209 3049 1261 3132 δη·

194 3157 343 3239 μιουργὸν,
356 3153 476 3238 κούριον
490 3155 543 3217 καὶ
558 3151 681 3240 βαρέων,
696 3155 855 3237 ἀνωφερῶν
869 3155 921 3217 καὶ
936 3163 1127 3238 κατωφερῶν.
1161 3153 1261 3218 Ἑπτὰ

194 3263 252 3345 γάρ
275 3262 416 3345 οὐρανοὺς
440 3259 709 3342 κατεσκευακέναι,
733 3260 775 3323 ῶν
797 3259 899 3323 ἐπάνω
921 3263 971 3324 τον
999 3259 1188 3345 Δημιουργδν
1210 3258 1260 3324 λέ·

231 3425 273 3491 (ι)
297 3423 380 3493 Igitur
403 3423 541 3494 Demiurgi
560 3435 599 3476 est
616 3429 700 3494 poten-
755 3440 813 3476 rum
833 3423 955 3492 aquibus
974 3423 1022 3476 sibi
1042 3441 1153 3494 regnum
1169 3435 1194 3476 et
1214 3442 1261 3476 no

196 3511 265 3572 ham,
288 3524 368 3578 qnam
393 3507 566 3561 aParacleto
589 3508 701 3561 materia
755 3524 818 3560 men
836 3517 883 3560 est.
919 3505 1024 3578 Septem
1043 3507 1192 3562 huiusmodi
1206 3509 1262 3562 dari

195 3593 307 3645 habebat
313 3604 341 3643 ut
349 3591 436 3662 hylica
446 3592 488 3645 vel
498 3592 622 3664 psychica
628 3590 701 3646 fieret
755 3592 842 3644 caelos
855 3591 882 3643 in
895 3591 1061 3663 mythologia
1076 3593 1208 3664 aegyptia,
1222 3610 1262 3645 as-

195 3689 221 3730 et
236 3676 264 3728 in
279 3691 389 3746 corpora
408 3675 531 3730 transiret
545 3676 605 3745 (IV,
623 3679 659 3744 5),
669 3678 702 3730 ad
756 3693 826 3748 syra,
834 3677 962 3730 hellenica
970 3687 995 3730 et
1003 3677 1160 3742 cabalistica,
1168 3690 1262 3730 notum

195 3773 284 3814 actum
303 3761 426 3814 reducere
445 3760 560 3832 [confusa
575 3761 703 3832 <indeter·
756 3773 809 3814 est:
824 3761 907 3814 immo
920 3774 946 3814 et
959 3761 1027 3832 apud
1040 3761 1089 3814 hos
1100 3763 1209 3832 populos
1222 3779 1261 3814 se-

196 3841 311 3914 minata>
333 3844 489 3909 discernere,
507 3857 533 3898 ct
556 3846 703 3906 corporalia
757 3858 830 3916 ptem
840 3846 905 3898 caeli
915 3863 975 3898 cum
985 3857 1087 3915 septem
1097 3847 1262 3915 angelismo-

195 3927 307 3998 facere13
325 3927 388 3982 dein
405 3945 438 3982 ex
457 3929 581 4001 psychica
603 3929 704 3993 dextra,
757 3929 919 3983 deratoribus
938 3930 1018 3982 iidem
1037 3941 1105 3983 sunt.
1142 3929 1195 3983 Cfr.
1216 3930 1261 3992 lv,

196 4012 265 4065 levia
283 4023 342 4078 etc„
360 4030 392 4067 ex
411 4013 499 4084 hylica
515 4014 645 4067 contraria
659 4030 703 4067 ex·
763 4031 783 4078 r,
802 4029 824 4066 r.
861 4012 894 4066 Ir.
911 4013 965 4083 ipse
981 4017 1041 4078 (Εἰς
1059 4013 1127 4067 irtio.
1143 4014 1158 4082 S
1174 4017 1203 4084 9)
1228 4016 1261 4067 ud

197 4096 309 4166 primere
322 4096 367 4166 (cf.
383 4096 446 4150 Exc.
461 4097 550 4150 meod.
564 4099 621 4166 47),
634 4098 703 4168 quod
758 4097 824 4151 haec
842 4098 923 4151 trahit
942 4113 1043 4169 septem
1062 4098 1173 4169 Spiritus
1192 4099 1261 4152 dona

197 4181 304 4234 inchoat
323 4197 338 4234 a
357 4182 490 4235 creatione
508 4188 596 4253 septem
619 4183 703 4236 caelo·
759 4193 785 4235 et
805 4182 864 4235 alia.
