3172 5044
263 424 466 468 ADSTRUCTIO
483 424 591 468 OPERIS
612 431 627 466 (t
643 425 718 470 Abu.
740 423 921 470 HAERESES»
946 423 1135 472 CONllClTUR
1193 427 1230 492 33

157 633 291 694 contra
309 623 553 705 Marcionem,
577 622 681 696 cuius
701 622 744 695 lr.
763 621 948 718 quaedam
969 637 1094 695 servat
1114 624 1174 707 IV,
1195 628 1228 709 6,

162 771 206 828 κς
231 745 281 827 V,
307 750 366 831 26,
389 749 437 843 1),
459 745 617 820 alterum
638 746 792 819 Photius
814 747 929 845 [Bz‘bl.
953 747 1040 846 121]
1065 750 1234 822 meminit

157 871 206 942 ab
241 870 454 968 Hippolyto
491 871 744 967 conscriptum
775 881 903 943 contra
934 868 1178 944 adhaereres
1210 899 1233 947 a
1335 853 1336 858 Ἰ

156 995 350 1068 Dositheo
378 995 427 1067 ad
453 995 617 1068 Noetum
643 995 896 1067 decurrentes.
942 994 1034 1067 Illud
1059 995 1158 1069 enim
1183 1023 1231 1070 ex

156 1119 305 1192 Iustino
325 1119 368 1190 lr.
386 1118 638 1215 descripsisse,
661 1119 732 1193 hoc
746 1145 837 1192 vero
852 1118 899 1192 ab
919 1119 963 1192 lr.
982 1119 1230 1218 Hippolytum

155 1243 299 1342 partim
317 1242 572 1339 desumpsisse
592 1242 757 1316 nonnulli
779 1241 894 1315 critici
914 1258 1058 1338 putant.

238 1367 397 1440 Missam
414 1366 569 1441 facimus
583 1367 797 1440 diuturnam
818 1368 1112 1441 controversiam
1132 1394 1231 1465 quae

155 1492 228 1566 hac
258 1516 374 1589 super
403 1516 442 1564 re
470 1490 567 1564 inter
594 1491 774 1588 Lipsium,
797 1491 987 1574 Harnack‚
1010 1491 1230 1590 Hilgenfeld

155 1633 195 1690 et
214 1616 352 1688 Kunze
371 1611 562 1692 exarsit.(¹)
617 1615 778 1689 Constat
797 1632 923 1688 tamen
943 1617 1054 1690 hodie
1074 1632 1153 1690 tum
1172 1619 1227 1689 A.

154 1740 211 1811 H.
246 1738 273 1823 1,
297 1763 377 1835 cap.
400 1737 465 1824 Xl,
487 1754 565 1811 tum
586 1764 638 1811 cc.
660 1738 915 1811 XXII-XXX
935 1741 1126 1814 cardinem
1146 1767 1230 1814 esse

153 1863 191 1936 in
223 1887 304 1960 quo
332 1862 465 1936 horum
493 1888 650 1960 operum
683 1863 1000 1937 restituendorum
1028 1891 1116 1961 spes
1145 1891 1231 1939 con-

153 1987 277 2062 sistat.
337 1986 375 2059 Si
405 1985 489 2084 quis
524 1987 624 2061 enim
661 1987 850 2086 integrum
887 1988 1022 2062 librum
1065 1987 1227 2085 primum

153 2113 199 2184 lr.
242 2111 479 2210 percurrerit,
520 2113 645 2186 statim
684 2113 958 2186 animadvertet
996 2138 1108 2210 quam
1147 2140 1230 2211 pro-

153 2238 276 2310 funde
308 2237 401 2310 baec
435 2237 558 2333 capita
589 2261 612 2309 a
645 2235 797 2333 reliquis
830 2237 1063 2310 dissentiant.
1125 2238 1229 2310 Dum

152 2360 259 2436 enim
289 2360 406 2434 Marci
436 2376 474 2434 et
502 2361 705 2435 Ptolemaei
739 2377 954 2435 commenta
973 2360 1047 2435 late
1071 2379 1110 2436 et
1137 2363 1230 2459 dog-

153 2485 307 2570 matice,
338 2502 379 2557 ut
406 2485 458 2558 ita
485 2482 618 2569 dicam,
645 2484 782 2558 inistis
809 2501 1060 2581 exponuntur,
1093 2485 1129 2558 in
1159 2487 1229 2560 illis

153 2612 199 2683 lr.
233 2636 305 2683 sua
332 2610 559 2683 documenta
587 2609 710 2708 rigide
738 2609 958 2707 perstringit
986 2636 1029 2683 ac
1058 2610 1095 2682 in
1125 2611 1229 2683 sche-

153 2753 261 2808 mata
289 2735 368 2808 lere
386 2734 555 2816 adducit:
581 2750 778 2831 praeterea
797 2733 945 2831 stylum,
970 2734 1151 2807 rationem
1168 2735 1230 2808 de-

153 2859 347 2934 scribendi
376 2874 446 2932 etc.
470 2860 624 2932 omnino
653 2859 848 2935 immutata
874 2858 989 2933 critici
1021 2860 1228 2957 deprehen-

152 2986 262 3057 dunt.

238 3110 393 3194 Verum,
431 3109 611 3207 quidquid
639 3110 686 3182 sit
714 3111 763 3182 de
791 3109 861 3182 hac
891 3109 1146 3182 controversia
1166 3110 1228 3182 de-

153 3235 400 3318 cernendum,
431 3234 535 3318 haec,
559 3251 598 3307 ut
622 3235 835 3332 nuperrime
869 3250 1061 3307 ostensum
1091 3250 1158 3318 est,
1191 3234 1227 3306 id

152 3358 288 3456 optimi
330 3355 453 3430 attulit
487 3374 527 3430 ut
556 3357 732 3431 Irenaeici
771 3357 896 3453 operis
932 3357 1103 3454 genesim
1136 3384 1227 3453 qua-

153 3484 345 3556 dantenus
386 3481 557 3579 aperiret.
616 3481 881 3580 Compluribus
923 3481 1063 3577 quippe
1092 3481 1228 3554 criticis

153 3605 352 3705 probabile
372 3621 429 3679 est
449 3607 507 3692 lr.,
537 3622 738 3704 antequam
766 3631 836 3678 suo
866 3604 993 3678 maiori
1019 3607 1124 3702 operi
1153 3631 1228 3678 nra-

154 3757 247 3804 num
271 3731 500 3814 admoveret,
524 3731 597 3804 iam
617 3730 732 3804 multa
751 3731 914 3803 edidisse
933 3729 1104 3825 privatim
1131 3731 1228 3802 circa

153 3855 372 3938 Gnosticos,
396 3880 492 3952 quae
512 3853 739 3952 Hippolytus
758 3854 839 3926 eius
867 3852 1080 3950 discipulus,
1102 3853 1138 3925 in
1159 3879 1228 3926 suo

229 4054 271 4116 (ι)
291 4050 346 4105 cfr.
367 4051 563 4106 controversiae
578 4053 775 4106 enarrationem
791 4051 859 4122 apud
875 4051 915 4103 De
930 4051 1013 4117 Fure,
1025 4049 1195 4103 Introduction
1211 4052 1226 4102 d

154 4137 278 4190 l'lristoire
298 4137 333 4190 du
355 4135 519 4189 Gnosticisme
534 4137 562 4190 in
576 4137 656 4191 Rrvue
675 4137 800 4189 d'ln'sloire
818 4137 858 4189 des
877 4137 1004 4208 religr'ous,
1028 4152 1191 4208 1902—1903.

231 4346 283 4387 rur.
299 4347 366 4388 saur.
382 4347 439 4388 ran.
454 4347 508 4400 (ser.
524 4347 555 4400 11)
570 4348 608 4388 ru.
1138 4331 1155 4382 3
