<?xml version="1.0" encoding="UTF-8"?>
<!DOCTYPE html PUBLIC "-//W3C//DTD XHTML 1.0 Transitional//EN"
    "http://www.w3.org/TR/xhtml1/DTD/xhtml1-transitional.dtd">
<html xmlns="http://www.w3.org/1999/xhtml" xml:lang="en" lang="en">
 <head>
  <title>
</title>
<meta http-equiv="Content-Type" content="text/html;charset=utf-8" />
  <meta name='ocr-system' content='tesseract 3.04.00' />
  <meta name='ocr-capabilities' content='ocr_page ocr_carea ocr_par ocr_line ocrx_word'/>
</head>
<body>
  <div class='ocr_page' id='page_1' title='image "./adversushaerese00irengoog_0150.png"; bbox 0 0 3230 5062; ppageno 0'>
   <div class='ocr_carea' id='block_1_1' title="bbox 183 498 1253 570">
    <p class='ocr_par' dir='ltr' id='par_1_1' title="bbox 183 498 1253 570">
     <span class='ocr_line' id='line_1_1' title="bbox 183 498 1253 570; baseline -0.004 -19"><span class='ocrx_word' id='word_1_1' title='bbox 183 499 220 567; x_wconf 90' lang='lat'>(1,</span> <span class='ocrx_word' id='word_1_2' title='bbox 237 498 357 570; x_wconf 46' lang='grc' dir='ltr'><strong>οσον]</strong></span> <span class='ocrx_word' id='word_1_3' title='bbox 613 501 703 548; x_wconf 77' lang='lat' dir='ltr'>unm</span> <span class='ocrx_word' id='word_1_4' title='bbox 727 502 841 548; x_wconf 78' lang='lat' dir='ltr'>numus</span> <span class='ocrx_word' id='word_1_5' title='bbox 1196 504 1253 569; x_wconf 82' lang='lat'>145</span> 
     </span>
    </p>
   </div>
   <div class='ocr_carea' id='block_1_2' title="bbox 185 691 1260 2058">
    <p class='ocr_par' dir='ltr' id='par_1_2' title="bbox 185 691 1260 1525">
     <span class='ocr_line' id='line_1_2' title="bbox 185 691 1257 783; baseline 0.002 -25"><span class='ocrx_word' id='word_1_6' title='bbox 185 693 349 782; x_wconf 83' lang='lat' dir='ltr'>apostolus</span> <span class='ocrx_word' id='word_1_7' title='bbox 372 692 460 777; x_wconf 84' lang='lat' dir='ltr'>dixit,</span> <span class='ocrx_word' id='word_1_8' title='bbox 483 691 537 759; x_wconf 93' lang='lat' dir='ltr'>sed</span> <span class='ocrx_word' id='word_1_9' title='bbox 555 691 594 760; x_wconf 94' lang='lat' dir='ltr'>de</span> <span class='ocrx_word' id='word_1_10' title='bbox 617 692 761 759; x_wconf 87' lang='lat' dir='ltr'>Domino</span> <span class='ocrx_word' id='word_1_11' title='bbox 784 710 894 760; x_wconf 89' lang='lat' dir='ltr'>nostro</span> <span class='ocrx_word' id='word_1_12' title='bbox 913 693 984 760; x_wconf 90' lang='lat' dir='ltr'>Iesu</span> <span class='ocrx_word' id='word_1_13' title='bbox 1002 693 1142 776; x_wconf 68' lang='lat' dir='ltr'>Christo</span> <span class='ocrx_word' id='word_1_14' title='bbox 1161 717 1257 783; x_wconf 82' lang='lat' dir='ltr'>quern</span> 
     </span>
     <span class='ocr_line' id='line_1_3' title="bbox 186 797 1258 887; baseline 0.001 -21"><span class='ocrx_word' id='word_1_15' title='bbox 186 818 219 866; x_wconf 83' lang='lat' dir='ltr'>et</span> <span class='ocrx_word' id='word_1_16' title='bbox 241 797 386 866; x_wconf 86' lang='lat' dir='ltr'>Verbum</span> <span class='ocrx_word' id='word_1_17' title='bbox 409 799 468 864; x_wconf 89' lang='lat' dir='ltr'>scit</span> <span class='ocrx_word' id='word_1_18' title='bbox 486 821 555 866; x_wconf 85' lang='lat' dir='ltr'>esse</span> <span class='ocrx_word' id='word_1_19' title='bbox 573 799 645 879; x_wconf 90' lang='lat' dir='ltr'>Dei,</span> <span class='ocrx_word' id='word_1_20' title='bbox 665 798 749 866; x_wconf 90' lang='lat' dir='ltr'>idem</span> <span class='ocrx_word' id='word_1_21' title='bbox 765 799 830 887; x_wconf 87' lang='lat' dir='ltr'>ipse</span> <span class='ocrx_word' id='word_1_22' title='bbox 846 798 919 866; x_wconf 81' lang='lat' dir='ltr'>fecit</span> <span class='ocrx_word' id='word_1_23' title='bbox 934 800 1148 866; x_wconf 84' lang='lat' dir='ltr'>manifestum.</span> <span class='ocrx_word' id='word_1_24' title='bbox 1196 802 1258 869; x_wconf 90' lang='lat' dir='ltr'>Re-</span> 
     </span>
     <span class='ocr_line' id='line_1_4' title="bbox 186 903 1256 996; baseline 0.002 -24"><span class='ocrx_word' id='word_1_25' title='bbox 186 905 361 994; x_wconf 84' lang='lat' dir='ltr'>capitulans</span> <span class='ocrx_word' id='word_1_26' title='bbox 371 905 405 958; x_wconf 80' lang='lat'>(¹)</span> <span class='ocrx_word' id='word_1_27' title='bbox 418 907 503 972; x_wconf 87' lang='lat' dir='ltr'>enim</span> <span class='ocrx_word' id='word_1_28' title='bbox 519 905 557 973; x_wconf 92' lang='lat' dir='ltr'>de</span> <span class='ocrx_word' id='word_1_29' title='bbox 569 929 608 972; x_wconf 92' lang='lat' dir='ltr'>eo</span> <span class='ocrx_word' id='word_1_30' title='bbox 622 904 728 973; x_wconf 90' lang='lat' dir='ltr'>Verbo</span> <span class='ocrx_word' id='word_1_31' title='bbox 740 903 824 994; x_wconf 89' lang='lat' dir='ltr'>quod</span> <span class='ocrx_word' id='word_1_32' title='bbox 837 907 865 972; x_wconf 86' lang='lat' dir='ltr'>ei</span> <span class='ocrx_word' id='word_1_33' title='bbox 874 907 908 959; x_wconf 76' lang='lat'>(²)</span> <span class='ocrx_word' id='word_1_34' title='bbox 923 908 956 972; x_wconf 89' lang='lat' dir='ltr'>in</span> <span class='ocrx_word' id='word_1_35' title='bbox 971 908 1124 996; x_wconf 88' lang='lat' dir='ltr'>principio</span> <span class='ocrx_word' id='word_1_36' title='bbox 1137 905 1256 978; x_wconf 87' lang='lat' dir='ltr'>dictum</span> 
     </span>
     <span class='ocr_line' id='line_1_5' title="bbox 186 1010 1258 1100; baseline 0.003 -22"><span class='ocrx_word' id='word_1_37' title='bbox 186 1030 246 1094; x_wconf 88' lang='lat' dir='ltr'>est,</span> <span class='ocrx_word' id='word_1_38' title='bbox 262 1013 389 1100; x_wconf 89' lang='lat' dir='ltr'>insuper</span> <span class='ocrx_word' id='word_1_39' title='bbox 413 1013 557 1099; x_wconf 86' lang='lat' dir='ltr'>exponit:</span> <span class='ocrx_word' id='word_1_40' title='bbox 588 1013 652 1078; x_wconf 86' lang='lat' dir='ltr'>«Et</span> <span class='ocrx_word' id='word_1_41' title='bbox 676 1011 817 1078; x_wconf 85' lang='lat' dir='ltr'>Verbum</span> <span class='ocrx_word' id='word_1_42' title='bbox 842 1035 915 1079; x_wconf 84' lang='lat' dir='ltr'>caro</span> <span class='ocrx_word' id='word_1_43' title='bbox 939 1010 1056 1080; x_wconf 84' lang='lat' dir='ltr'>sactum</span> <span class='ocrx_word' id='word_1_44' title='bbox 1081 1029 1137 1095; x_wconf 92' lang='lat' dir='ltr'>est,</span> <span class='ocrx_word' id='word_1_45' title='bbox 1157 1031 1187 1080; x_wconf 85' lang='lat' dir='ltr'>et</span> <span class='ocrx_word' id='word_1_46' title='bbox 1210 1017 1258 1081; x_wconf 92' lang='lat' dir='ltr'>in-</span> 
     </span>
     <span class='ocr_line' id='line_1_6' title="bbox 190 1115 1258 1208; baseline 0.005 -26"><span class='ocrx_word' id='word_1_47' title='bbox 190 1147 206 1182; x_wconf 83' lang='lat'>«</span> <span class='ocrx_word' id='word_1_48' title='bbox 222 1117 371 1185; x_wconf 80' lang='lat' dir='ltr'>habitavit</span> <span class='ocrx_word' id='word_1_49' title='bbox 389 1119 423 1184; x_wconf 92' lang='lat' dir='ltr'>in</span> <span class='ocrx_word' id='word_1_50' title='bbox 441 1115 532 1184; x_wconf 91' lang='lat' dir='ltr'>nobis</span> <span class='ocrx_word' id='word_1_51' title='bbox 544 1145 575 1182; x_wconf 87' lang='grc' dir='ltr'>υ.</span> <span class='ocrx_word' id='word_1_52' title='bbox 623 1116 802 1185; x_wconf 88' lang='lat' dir='ltr'>Secundum</span> <span class='ocrx_word' id='word_1_53' title='bbox 826 1135 932 1186; x_wconf 87' lang='lat' dir='ltr'>autem</span> <span class='ocrx_word' id='word_1_54' title='bbox 947 1118 1074 1186; x_wconf 88' lang='lat' dir='ltr'>illorum</span> <span class='ocrx_word' id='word_1_55' title='bbox 1091 1143 1258 1208; x_wconf 82' lang='lat' dir='ltr'>argumen-</span> 
     </span>
     <span class='ocr_line' id='line_1_7' title="bbox 187 1224 1258 1314; baseline 0.003 -22"><span class='ocrx_word' id='word_1_56' title='bbox 187 1227 353 1307; x_wconf 82' lang='lat' dir='ltr'>tationem,</span> <span class='ocrx_word' id='word_1_57' title='bbox 373 1249 438 1293; x_wconf 92' lang='lat' dir='ltr'>non</span> <span class='ocrx_word' id='word_1_58' title='bbox 461 1225 603 1291; x_wconf 90' lang='lat' dir='ltr'>Verbum</span> <span class='ocrx_word' id='word_1_59' title='bbox 627 1248 700 1292; x_wconf 83' lang='lat' dir='ltr'>caro</span> <span class='ocrx_word' id='word_1_60' title='bbox 724 1224 840 1292; x_wconf 82' lang='lat' dir='ltr'>factum</span> <span class='ocrx_word' id='word_1_61' title='bbox 865 1241 922 1308; x_wconf 90' lang='lat' dir='ltr'>est,</span> <span class='ocrx_word' id='word_1_62' title='bbox 946 1226 1030 1314; x_wconf 91' lang='lat' dir='ltr'>quod</span> <span class='ocrx_word' id='word_1_63' title='bbox 1049 1225 1177 1314; x_wconf 86' lang='lat' dir='ltr'>quidem</span> <span class='ocrx_word' id='word_1_64' title='bbox 1201 1252 1258 1295; x_wconf 89' lang='lat' dir='ltr'>nec</span> 
     </span>
     <span class='ocr_line' id='line_1_8' title="bbox 188 1330 1260 1421; baseline 0.003 -25"><span class='ocrx_word' id='word_1_65' title='bbox 188 1333 276 1398; x_wconf 81' lang='lat' dir='ltr'>venit</span> <span class='ocrx_word' id='word_1_66' title='bbox 285 1355 436 1420; x_wconf 82' lang='lat' dir='ltr'>umquam</span> <span class='ocrx_word' id='word_1_67' title='bbox 450 1349 534 1398; x_wconf 85' lang='lat' dir='ltr'>extra</span> <span class='ocrx_word' id='word_1_68' title='bbox 543 1330 769 1398; x_wconf 89' lang='lat' dir='ltr'>Pleroma:sed</span> <span class='ocrx_word' id='word_1_69' title='bbox 781 1333 834 1421; x_wconf 90' lang='lat' dir='ltr'>qui</span> <span class='ocrx_word' id='word_1_70' title='bbox 847 1355 884 1398; x_wconf 87' lang='lat' dir='ltr'>ex</span> <span class='ocrx_word' id='word_1_71' title='bbox 896 1330 1046 1398; x_wconf 90' lang='lat' dir='ltr'>omnibus</span> <span class='ocrx_word' id='word_1_72' title='bbox 1059 1332 1157 1400; x_wconf 82' lang='lat' dir='ltr'>factus</span> <span class='ocrx_word' id='word_1_73' title='bbox 1169 1335 1260 1414; x_wconf 82' lang='lat' dir='ltr'>est‚&lt;³&gt;</span> 
     </span>
     <span class='ocr_line' id='line_1_9' title="bbox 189 1436 761 1525; baseline -0.003 -21"><span class='ocrx_word' id='word_1_74' title='bbox 189 1456 220 1504; x_wconf 87' lang='lat' dir='ltr'>et</span> <span class='ocrx_word' id='word_1_75' title='bbox 240 1439 281 1505; x_wconf 91' lang='lat' dir='ltr'>sit</span> <span class='ocrx_word' id='word_1_76' title='bbox 299 1439 453 1525; x_wconf 86' lang='lat' dir='ltr'>posterior</span> <span class='ocrx_word' id='word_1_77' title='bbox 471 1436 590 1516; x_wconf 91' lang='lat' dir='ltr'>Verbo,</span> <span class='ocrx_word' id='word_1_78' title='bbox 610 1436 761 1505; x_wconf 86' lang='lat' dir='ltr'>Salvator.</span> 
     </span>
    </p>

    <p class='ocr_par' dir='ltr' id='par_1_3' title="bbox 189 1540 1259 2058">
     <span class='ocr_line' id='line_1_10' title="bbox 261 1540 1258 1634; baseline 0.003 -27"><span class='ocrx_word' id='word_1_79' title='bbox 261 1565 289 1631; x_wconf 85' lang='lat'>3.</span> <span class='ocrx_word' id='word_1_80' title='bbox 302 1543 410 1629; x_wconf 87' lang='lat' dir='ltr'><em>[WH.</em></span> <span class='ocrx_word' id='word_1_81' title='bbox 423 1543 452 1626; x_wconf 84' lang='lat' dir='ltr'>I,</span> <span class='ocrx_word' id='word_1_82' title='bbox 469 1540 537 1634; x_wconf 87' lang='lat'><strong><em>20].</em></strong></span> <span class='ocrx_word' id='word_1_83' title='bbox 584 1543 704 1610; x_wconf 86' lang='lat' dir='ltr'>Discite</span> <span class='ocrx_word' id='word_1_84' title='bbox 715 1545 810 1632; x_wconf 86' lang='lat' dir='ltr'>igitur</span> <span class='ocrx_word' id='word_1_85' title='bbox 823 1545 983 1626; x_wconf 84' lang='lat' dir='ltr'>insensati,</span> <span class='ocrx_word' id='word_1_86' title='bbox 994 1546 1144 1632; x_wconf 85' lang='lat' dir='ltr'>quoniam</span> <span class='ocrx_word' id='word_1_87' title='bbox 1160 1545 1258 1626; x_wconf 63' lang='lat' dir='ltr'>Iesus</span> 
     </span>
     <span class='ocr_line' id='line_1_11' title="bbox 189 1649 1259 1739; baseline 0.001 -23"><span class='ocrx_word' id='word_1_88' title='bbox 189 1651 243 1738; x_wconf 92' lang='lat' dir='ltr'>qui</span> <span class='ocrx_word' id='word_1_89' title='bbox 266 1672 376 1737; x_wconf 80' lang='lat' dir='ltr'>passus</span> <span class='ocrx_word' id='word_1_90' title='bbox 399 1666 446 1716; x_wconf 92' lang='lat' dir='ltr'>est</span> <span class='ocrx_word' id='word_1_91' title='bbox 469 1673 526 1738; x_wconf 93' lang='lat' dir='ltr'>pro</span> <span class='ocrx_word' id='word_1_92' title='bbox 541 1649 643 1730; x_wconf 78' lang='lat' dir='ltr'>nobiS,</span> <span class='ocrx_word' id='word_1_93' title='bbox 658 1652 712 1739; x_wconf 90' lang='lat' dir='ltr'>qui</span> <span class='ocrx_word' id='word_1_94' title='bbox 729 1649 911 1717; x_wconf 86' lang='lat' dir='ltr'>inhabitavit</span> <span class='ocrx_word' id='word_1_95' title='bbox 927 1652 959 1718; x_wconf 92' lang='lat' dir='ltr'>in</span> <span class='ocrx_word' id='word_1_96' title='bbox 975 1649 1077 1734; x_wconf 66' lang='lat' dir='ltr'>nobb,</span> <span class='ocrx_word' id='word_1_97' title='bbox 1094 1650 1178 1718; x_wconf 86' lang='lat' dir='ltr'>idem</span> <span class='ocrx_word' id='word_1_98' title='bbox 1194 1653 1259 1738; x_wconf 93' lang='lat' dir='ltr'>ipse</span> 
     </span>
     <span class='ocr_line' id='line_1_12' title="bbox 190 1753 1259 1844; baseline 0 -22"><span class='ocrx_word' id='word_1_99' title='bbox 190 1770 238 1822; x_wconf 91' lang='lat' dir='ltr'>est</span> <span class='ocrx_word' id='word_1_100' title='bbox 262 1754 403 1821; x_wconf 88' lang='lat' dir='ltr'>Verbum</span> <span class='ocrx_word' id='word_1_101' title='bbox 427 1754 498 1821; x_wconf 90' lang='lat' dir='ltr'>Dei.</span> <span class='ocrx_word' id='word_1_102' title='bbox 544 1755 577 1820; x_wconf 92' lang='lat' dir='ltr'>Si</span> <span class='ocrx_word' id='word_1_103' title='bbox 602 1756 686 1821; x_wconf 87' lang='lat' dir='ltr'>enim</span> <span class='ocrx_word' id='word_1_104' title='bbox 710 1756 789 1822; x_wconf 88' lang='lat' dir='ltr'>alius</span> <span class='ocrx_word' id='word_1_105' title='bbox 813 1779 851 1822; x_wconf 86' lang='lat' dir='ltr'>ex</span> <span class='ocrx_word' id='word_1_106' title='bbox 881 1753 1044 1823; x_wconf 91' lang='lat' dir='ltr'>Aeonibus</span> <span class='ocrx_word' id='word_1_107' title='bbox 1072 1779 1129 1844; x_wconf 92' lang='lat' dir='ltr'>pro</span> <span class='ocrx_word' id='word_1_108' title='bbox 1153 1773 1259 1822; x_wconf 81' lang='lat' dir='ltr'>nostra</span> 
     </span>
     <span class='ocr_line' id='line_1_13' title="bbox 191 1860 1259 1941; baseline 0 -13"><span class='ocrx_word' id='word_1_109' title='bbox 191 1862 290 1928; x_wconf 82' lang='lat' dir='ltr'>salute</span> <span class='ocrx_word' id='word_1_110' title='bbox 317 1885 390 1928; x_wconf 85' lang='lat' dir='ltr'>caro</span> <span class='ocrx_word' id='word_1_111' title='bbox 414 1861 513 1928; x_wconf 83' lang='lat' dir='ltr'>factus</span> <span class='ocrx_word' id='word_1_112' title='bbox 536 1879 594 1941; x_wconf 88' lang='lat' dir='ltr'>est,</span> <span class='ocrx_word' id='word_1_113' title='bbox 618 1861 848 1929; x_wconf 78' lang='lat' dir='ltr'>aestimandum</span> <span class='ocrx_word' id='word_1_114' title='bbox 871 1879 936 1929; x_wconf 85' lang='lat' dir='ltr'>erat</span> <span class='ocrx_word' id='word_1_115' title='bbox 962 1860 1000 1929; x_wconf 88' lang='lat' dir='ltr'>de</span> <span class='ocrx_word' id='word_1_116' title='bbox 1024 1863 1121 1929; x_wconf 85' lang='lat' dir='ltr'>altero</span> <span class='ocrx_word' id='word_1_117' title='bbox 1145 1863 1259 1930; x_wconf 88' lang='lat' dir='ltr'>dixisse</span> 
     </span>
     <span class='ocr_line' id='line_1_14' title="bbox 191 1967 1259 2058; baseline 0.002 -24"><span class='ocrx_word' id='word_1_118' title='bbox 191 1969 383 2056; x_wconf 83' lang='lat' dir='ltr'>apostolum.</span> <span class='ocrx_word' id='word_1_119' title='bbox 429 1967 462 2033; x_wconf 89' lang='lat' dir='ltr'>Si</span> <span class='ocrx_word' id='word_1_120' title='bbox 486 1985 590 2034; x_wconf 90' lang='lat' dir='ltr'>autem</span> <span class='ocrx_word' id='word_1_121' title='bbox 613 1967 757 2034; x_wconf 89' lang='lat' dir='ltr'>Verbum</span> <span class='ocrx_word' id='word_1_122' title='bbox 777 1969 877 2035; x_wconf 88' lang='lat' dir='ltr'>Patris</span> <span class='ocrx_word' id='word_1_123' title='bbox 899 1997 914 2032; x_wconf 79' lang='grc' dir='ltr'><strong>κ</strong></span> <span class='ocrx_word' id='word_1_124' title='bbox 927 1971 981 2058; x_wconf 93' lang='lat' dir='ltr'>qui</span> <span class='ocrx_word' id='word_1_125' title='bbox 1000 1967 1170 2052; x_wconf 88' lang='lat' dir='ltr'>descendit,</span> <span class='ocrx_word' id='word_1_126' title='bbox 1194 1971 1259 2056; x_wconf 91' lang='lat' dir='ltr'>ipse</span> 
     </span>
    </p>
   </div>
   <div class='ocr_carea' id='block_1_3' title="bbox 191 2166 1264 3551">
    <p class='ocr_par' dir='ltr' id='par_1_4' title="bbox 191 2166 1262 3016">
     <span class='ocr_line' id='line_1_15' title="bbox 191 2166 1260 2268; baseline 0 -22"><span class='ocrx_word' id='word_1_127' title='bbox 191 2193 251 2248; x_wconf 77' lang='grc' dir='ltr'>τῶν</span> <span class='ocrx_word' id='word_1_128' title='bbox 274 2183 422 2268; x_wconf 72' lang='grc' dir='ltr'><strong>συζυγιῶν</strong></span> <span class='ocrx_word' id='word_1_129' title='bbox 443 2184 540 2246; x_wconf 82' lang='grc' dir='ltr'><strong>αὐτῶν</strong></span> <span class='ocrx_word' id='word_1_130' title='bbox 556 2183 572 2246; x_wconf 94' lang='grc' dir='ltr'><strong>ό</strong></span> <span class='ocrx_word' id='word_1_131' title='bbox 589 2180 756 2259; x_wconf 80' lang='grc' dir='ltr'><strong>ἀπόστολος</strong></span> <span class='ocrx_word' id='word_1_132' title='bbox 779 2185 907 2268; x_wconf 73' lang='grc' dir='ltr'><strong>εἴρηκεν,</strong></span> <span class='ocrx_word' id='word_1_133' title='bbox 931 2166 1012 2247; x_wconf 72' lang='grc' dir='ltr'><strong>ἀλλὰ</strong></span> <span class='ocrx_word' id='word_1_134' title='bbox 1033 2185 1100 2267; x_wconf 85' lang='grc' dir='ltr'><strong>περὶ</strong></span> <span class='ocrx_word' id='word_1_135' title='bbox 1122 2191 1175 2248; x_wconf 79' lang='grc' dir='ltr'><strong>τοῦ</strong></span> <span class='ocrx_word' id='word_1_136' title='bbox 1199 2184 1260 2248; x_wconf 89' lang='grc' dir='ltr'>Κυ-</span> 
     </span>
     <span class='ocr_line' id='line_1_16' title="bbox 191 2287 1261 2375; baseline -0.001 -20"><span class='ocrx_word' id='word_1_137' title='bbox 191 2291 257 2375; x_wconf 77' lang='grc' dir='ltr'><strong>ρῖου</strong></span> <span class='ocrx_word' id='word_1_138' title='bbox 274 2291 362 2374; x_wconf 81' lang='grc' dir='ltr'><strong>ημῶν</strong></span> <span class='ocrx_word' id='word_1_139' title='bbox 381 2289 484 2374; x_wconf 83' lang='grc' dir='ltr'>Ἰησοῦ</span> <span class='ocrx_word' id='word_1_140' title='bbox 502 2290 646 2375; x_wconf 80' lang='grc' dir='ltr'><strong>Χριστοῦ,</strong></span> <span class='ocrx_word' id='word_1_141' title='bbox 666 2291 699 2354; x_wconf 81' lang='grc' dir='ltr'>ὃν</span> <span class='ocrx_word' id='word_1_142' title='bbox 717 2293 769 2354; x_wconf 81' lang='grc' dir='ltr'>καὶ</span> <span class='ocrx_word' id='word_1_143' title='bbox 788 2287 890 2375; x_wconf 92' lang='grc' dir='ltr'><strong>Λόγον</strong></span> <span class='ocrx_word' id='word_1_144' title='bbox 908 2291 971 2354; x_wconf 74' lang='grc' dir='ltr'><strong>οἶδε</strong></span> <span class='ocrx_word' id='word_1_145' title='bbox 989 2298 1042 2354; x_wconf 84' lang='grc' dir='ltr'><strong>τοῦ</strong></span> <span class='ocrx_word' id='word_1_146' title='bbox 1062 2288 1153 2372; x_wconf 84' lang='grc' dir='ltr'><strong>Θεοῦ,</strong></span> <span class='ocrx_word' id='word_1_147' title='bbox 1172 2291 1261 2367; x_wconf 83' lang='grc' dir='ltr'><strong>αὐτὸς</strong></span> 
     </span>
     <span class='ocr_line' id='line_1_17' title="bbox 191 2393 1261 2482; baseline 0 -22"><span class='ocrx_word' id='word_1_148' title='bbox 191 2395 341 2482; x_wconf 70' lang='grc' dir='ltr'><strong>πεποίηκε</strong></span> <span class='ocrx_word' id='word_1_149' title='bbox 355 2393 492 2481; x_wconf 75' lang='grc' dir='ltr'><strong>φανερόν.</strong></span> <span class='ocrx_word' id='word_1_150' title='bbox 539 2394 874 2480; x_wconf 80' lang='grc' dir='ltr'><strong>Ἀνακεφαλαιοόμενος</strong></span> <span class='ocrx_word' id='word_1_151' title='bbox 886 2399 944 2482; x_wconf 80' lang='grc' dir='ltr'>γὰρ</span> <span class='ocrx_word' id='word_1_152' title='bbox 958 2399 1091 2482; x_wconf 77' lang='grc' dir='ltr'><strong>περὶτοῦ</strong></span> <span class='ocrx_word' id='word_1_153' title='bbox 1107 2395 1261 2482; x_wconf 77' lang='grc' dir='ltr'><strong>εἰρημένου</strong></span> 
     </span>
     <span class='ocr_line' id='line_1_18' title="bbox 191 2500 1262 2589; baseline 0 -23"><span class='ocrx_word' id='word_1_154' title='bbox 191 2504 274 2585; x_wconf 80' lang='grc' dir='ltr'><strong>αὐτῷ</strong></span> <span class='ocrx_word' id='word_1_155' title='bbox 297 2505 359 2566; x_wconf 82' lang='grc' dir='ltr'>ἀνω</span> <span class='ocrx_word' id='word_1_156' title='bbox 382 2503 413 2566; x_wconf 78' lang='grc' dir='ltr'>ὲν</span> <span class='ocrx_word' id='word_1_157' title='bbox 436 2503 517 2587; x_wconf 80' lang='grc' dir='ltr'><strong>ἀρχῇ</strong></span> <span class='ocrx_word' id='word_1_158' title='bbox 542 2500 655 2586; x_wconf 90' lang='grc' dir='ltr'><strong>Λόγου,</strong></span> <span class='ocrx_word' id='word_1_159' title='bbox 680 2500 885 2586; x_wconf 79' lang='grc' dir='ltr'><strong>ἔπεξηγεῐται·</strong></span> <span class='ocrx_word' id='word_1_160' title='bbox 915 2528 931 2563; x_wconf 89' lang='lat'>«</span> <span class='ocrx_word' id='word_1_161' title='bbox 944 2503 1007 2568; x_wconf 78' lang='grc' dir='ltr'>Καὶ</span> <span class='ocrx_word' id='word_1_162' title='bbox 1029 2504 1045 2566; x_wconf 89' lang='grc' dir='ltr'><strong>ό</strong></span> <span class='ocrx_word' id='word_1_163' title='bbox 1070 2500 1169 2588; x_wconf 88' lang='grc' dir='ltr'><strong>Λόγος</strong></span> <span class='ocrx_word' id='word_1_164' title='bbox 1187 2501 1262 2589; x_wconf 73' lang='grc' dir='ltr'>σὰρξ</span> 
     </span>
     <span class='ocr_line' id='line_1_19' title="bbox 195 2608 1261 2694; baseline 0.002 -22"><span class='ocrx_word' id='word_1_165' title='bbox 195 2635 211 2672; x_wconf 89' lang='lat'>«</span> <span class='ocrx_word' id='word_1_166' title='bbox 226 2608 357 2693; x_wconf 84' lang='grc' dir='ltr'><strong>ἐγένετο,</strong></span> <span class='ocrx_word' id='word_1_167' title='bbox 372 2611 425 2672; x_wconf 83' lang='grc' dir='ltr'>καὶ</span> <span class='ocrx_word' id='word_1_168' title='bbox 440 2609 612 2693; x_wconf 75' lang='grc' dir='ltr'>ἐσκήνωσεν</span> <span class='ocrx_word' id='word_1_169' title='bbox 627 2609 659 2672; x_wconf 86' lang='grc' dir='ltr'>ἐν</span> <span class='ocrx_word' id='word_1_170' title='bbox 674 2608 744 2694; x_wconf 79' lang='grc' dir='ltr'><strong>ἡμῖν</strong></span> <span class='ocrx_word' id='word_1_171' title='bbox 756 2634 787 2674; x_wconf 83' lang='lat' dir='ltr'>n.</span> <span class='ocrx_word' id='word_1_172' title='bbox 835 2609 925 2674; x_wconf 80' lang='grc' dir='ltr'><strong>Κατὰ</strong></span> <span class='ocrx_word' id='word_1_173' title='bbox 940 2609 973 2674; x_wconf 85' lang='grc' dir='ltr'>δὲ</span> <span class='ocrx_word' id='word_1_174' title='bbox 989 2613 1043 2694; x_wconf 75' lang='grc' dir='ltr'>την</span> <span class='ocrx_word' id='word_1_175' title='bbox 1057 2611 1178 2676; x_wconf 83' lang='grc' dir='ltr'>ἐκείνων</span> <span class='ocrx_word' id='word_1_176' title='bbox 1189 2611 1261 2675; x_wconf 83' lang='grc' dir='ltr'><strong>ὑπό-</strong></span> 
     </span>
     <span class='ocr_line' id='line_1_20' title="bbox 193 2712 1261 2800; baseline 0.003 -21"><span class='ocrx_word' id='word_1_177' title='bbox 193 2716 291 2798; x_wconf 72' lang='grc' dir='ltr'><strong>θεσιν,</strong></span> <span class='ocrx_word' id='word_1_178' title='bbox 314 2717 373 2800; x_wconf 88' lang='grc' dir='ltr'><strong>οὐχ</strong></span> <span class='ocrx_word' id='word_1_179' title='bbox 391 2715 408 2780; x_wconf 90' lang='grc' dir='ltr'><strong>ό</strong></span> <span class='ocrx_word' id='word_1_180' title='bbox 428 2712 527 2800; x_wconf 85' lang='grc' dir='ltr'><strong>Λόγος</strong></span> <span class='ocrx_word' id='word_1_181' title='bbox 544 2713 619 2798; x_wconf 82' lang='grc' dir='ltr'>σὰρξ</span> <span class='ocrx_word' id='word_1_182' title='bbox 642 2714 772 2800; x_wconf 78' lang='grc' dir='ltr'><strong>ἐγένετο,</strong></span> <span class='ocrx_word' id='word_1_183' title='bbox 791 2719 824 2792; x_wconf 83' lang='grc' dir='ltr'>ός</span> <span class='ocrx_word' id='word_1_184' title='bbox 842 2738 877 2800; x_wconf 88' lang='grc' dir='ltr'>γε</span> <span class='ocrx_word' id='word_1_185' title='bbox 896 2717 965 2781; x_wconf 83' lang='grc' dir='ltr'><strong>οὐδὲ</strong></span> <span class='ocrx_word' id='word_1_186' title='bbox 985 2716 1065 2800; x_wconf 59' lang='lat' dir='ltr'>bibi</span> <span class='ocrx_word' id='word_1_187' title='bbox 1084 2738 1158 2782; x_wconf 85' lang='grc' dir='ltr'><strong>ποτε</strong></span> <span class='ocrx_word' id='word_1_188' title='bbox 1175 2717 1261 2794; x_wconf 82' lang='grc' dir='ltr'><strong>ἐκτός</strong></span> 
     </span>
     <span class='ocr_line' id='line_1_21' title="bbox 194 2823 1261 2909; baseline 0 -21"><span class='ocrx_word' id='word_1_189' title='bbox 194 2823 420 2909; x_wconf 76' lang='grc' dir='ltr'><strong>Πληρόματος·</strong></span> <span class='ocrx_word' id='word_1_190' title='bbox 451 2823 532 2887; x_wconf 84' lang='grc' dir='ltr'><strong>ἀλλὰ</strong></span> <span class='ocrx_word' id='word_1_191' title='bbox 555 2823 571 2886; x_wconf 93' lang='grc' dir='ltr'><strong>ό</strong></span> <span class='ocrx_word' id='word_1_192' title='bbox 595 2823 631 2885; x_wconf 83' lang='grc' dir='ltr'>ἐκ</span> <span class='ocrx_word' id='word_1_193' title='bbox 654 2832 707 2906; x_wconf 77' lang='grc' dir='ltr'>της</span> <span class='ocrx_word' id='word_1_194' title='bbox 735 2823 903 2907; x_wconf 75' lang='grc' dir='ltr'><strong>οἰκονομίας</strong></span> <span class='ocrx_word' id='word_1_195' title='bbox 930 2823 1179 2908; x_wconf 80' lang='grc' dir='ltr'><strong>μεταγενέστερος</strong></span> <span class='ocrx_word' id='word_1_196' title='bbox 1208 2835 1261 2889; x_wconf 84' lang='grc' dir='ltr'><strong>τοῦ</strong></span> 
     </span>
     <span class='ocr_line' id='line_1_22' title="bbox 193 2926 438 3016; baseline -0.004 -21"><span class='ocrx_word' id='word_1_197' title='bbox 193 2926 299 3016; x_wconf 80' lang='grc' dir='ltr'><strong>Λόγου</strong></span> <span class='ocrx_word' id='word_1_198' title='bbox 323 2929 438 3016; x_wconf 68' lang='grc' dir='ltr'><strong>Σωτήρ.</strong></span> 
     </span>
    </p>

    <p class='ocr_par' dir='ltr' id='par_1_5' title="bbox 194 3034 1264 3551">
     <span class='ocr_line' id='line_1_23' title="bbox 265 3034 1262 3123; baseline -0.001 -21"><span class='ocrx_word' id='word_1_199' title='bbox 265 3057 293 3122; x_wconf 89' lang='lat'>3.</span> <span class='ocrx_word' id='word_1_200' title='bbox 316 3036 444 3102; x_wconf 76' lang='grc' dir='ltr'><strong>Μόθετε</strong></span> <span class='ocrx_word' id='word_1_201' title='bbox 466 3039 518 3102; x_wconf 87' lang='grc' dir='ltr'><strong>οόν</strong></span> <span class='ocrx_word' id='word_1_202' title='bbox 541 3037 672 3121; x_wconf 81' lang='grc' dir='ltr'><strong>ἀνόητοι,</strong></span> <span class='ocrx_word' id='word_1_203' title='bbox 695 3038 740 3101; x_wconf 78' lang='grc' dir='ltr'>ότι</span> <span class='ocrx_word' id='word_1_204' title='bbox 763 3034 883 3120; x_wconf 82' lang='grc' dir='ltr'><strong>Ἰησοῦς</strong></span> <span class='ocrx_word' id='word_1_205' title='bbox 906 3037 922 3100; x_wconf 90' lang='grc' dir='ltr'><strong>ό</strong></span> <span class='ocrx_word' id='word_1_206' title='bbox 945 3037 1056 3102; x_wconf 68' lang='grc' dir='ltr'><strong>παθὼν</strong></span> <span class='ocrx_word' id='word_1_207' title='bbox 1074 3037 1150 3123; x_wconf 86' lang='grc' dir='ltr'><strong>ὑπὲρ</strong></span> <span class='ocrx_word' id='word_1_208' title='bbox 1168 3038 1262 3122; x_wconf 77' lang='grc' dir='ltr'><strong>ἡμῶν,</strong></span> 
     </span>
     <span class='ocr_line' id='line_1_24' title="bbox 194 3141 1261 3230; baseline -0.003 -21"><span class='ocrx_word' id='word_1_209' title='bbox 194 3145 212 3209; x_wconf 92' lang='grc' dir='ltr'><strong>ό</strong></span> <span class='ocrx_word' id='word_1_210' title='bbox 234 3145 473 3230; x_wconf 81' lang='grc' dir='ltr'><strong>καταοκηνὼσας</strong></span> <span class='ocrx_word' id='word_1_211' title='bbox 488 3146 520 3210; x_wconf 81' lang='grc' dir='ltr'>ἔν</span> <span class='ocrx_word' id='word_1_212' title='bbox 535 3146 615 3229; x_wconf 78' lang='grc' dir='ltr'><strong>ἡμῖν,</strong></span> <span class='ocrx_word' id='word_1_213' title='bbox 635 3147 720 3221; x_wconf 80' lang='grc' dir='ltr'><strong>οὗτος</strong></span> <span class='ocrx_word' id='word_1_214' title='bbox 737 3145 828 3219; x_wconf 84' lang='grc' dir='ltr'><strong>αὐτός</strong></span> <span class='ocrx_word' id='word_1_215' title='bbox 846 3143 926 3208; x_wconf 83' lang='grc' dir='ltr'><strong>ἐστιν</strong></span> <span class='ocrx_word' id='word_1_216' title='bbox 946 3143 962 3206; x_wconf 89' lang='grc' dir='ltr'><strong>ό</strong></span> <span class='ocrx_word' id='word_1_217' title='bbox 982 3141 1083 3226; x_wconf 88' lang='grc' dir='ltr'><strong>Λόγος</strong></span> <span class='ocrx_word' id='word_1_218' title='bbox 1100 3151 1152 3208; x_wconf 82' lang='grc' dir='ltr'><strong>τοῦ</strong></span> <span class='ocrx_word' id='word_1_219' title='bbox 1172 3141 1261 3208; x_wconf 82' lang='grc' dir='ltr'><strong>Θεοῦ.</strong></span> 
     </span>
     <span class='ocr_line' id='line_1_25' title="bbox 195 3249 1264 3336; baseline -0.002 -20"><span class='ocrx_word' id='word_1_220' title='bbox 195 3251 234 3316; x_wconf 84' lang='grc' dir='ltr'>Εἰ</span> <span class='ocrx_word' id='word_1_221' title='bbox 257 3254 311 3336; x_wconf 80' lang='grc' dir='ltr'>μὲν</span> <span class='ocrx_word' id='word_1_222' title='bbox 334 3253 393 3336; x_wconf 86' lang='grc' dir='ltr'>γὰρ</span> <span class='ocrx_word' id='word_1_223' title='bbox 414 3251 508 3329; x_wconf 79' lang='grc' dir='ltr'><strong>ἄλλος</strong></span> <span class='ocrx_word' id='word_1_224' title='bbox 530 3273 573 3328; x_wconf 88' lang='grc' dir='ltr'>τις</span> <span class='ocrx_word' id='word_1_225' title='bbox 595 3261 652 3315; x_wconf 81' lang='grc' dir='ltr'>τῶν</span> <span class='ocrx_word' id='word_1_226' title='bbox 677 3249 802 3316; x_wconf 79' lang='grc' dir='ltr'><strong>Αἰώνων</strong></span> <span class='ocrx_word' id='word_1_227' title='bbox 819 3251 895 3334; x_wconf 82' lang='grc' dir='ltr'><strong>ὑπὲρ</strong></span> <span class='ocrx_word' id='word_1_228' title='bbox 913 3259 966 3333; x_wconf 74' lang='grc' dir='ltr'>τῆς</span> <span class='ocrx_word' id='word_1_229' title='bbox 984 3250 1068 3334; x_wconf 79' lang='grc' dir='ltr'><strong>ἡμῶν</strong></span> <span class='ocrx_word' id='word_1_230' title='bbox 1087 3251 1184 3313; x_wconf 81' lang='grc' dir='ltr'><strong>αὐτῶν</strong></span> <span class='ocrx_word' id='word_1_231' title='bbox 1206 3271 1264 3314; x_wconf 86' lang='grc' dir='ltr'>σω-</span> 
     </span>
     <span class='ocr_line' id='line_1_26' title="bbox 194 3356 1263 3443; baseline 0.001 -22"><span class='ocrx_word' id='word_1_232' title='bbox 194 3359 298 3443; x_wconf 70' lang='grc' dir='ltr'><strong>τηρίας</strong></span> <span class='ocrx_word' id='word_1_233' title='bbox 319 3357 394 3443; x_wconf 71' lang='grc' dir='ltr'>σὰρξ</span> <span class='ocrx_word' id='word_1_234' title='bbox 416 3358 546 3443; x_wconf 71' lang='grc' dir='ltr'><strong>ἐγένετο,</strong></span> <span class='ocrx_word' id='word_1_235' title='bbox 571 3359 652 3436; x_wconf 82' lang='grc' dir='ltr'><strong>εἰκός</strong></span> <span class='ocrx_word' id='word_1_236' title='bbox 673 3359 710 3442; x_wconf 77' lang='grc' dir='ltr'>ἠν</span> <span class='ocrx_word' id='word_1_237' title='bbox 732 3360 799 3442; x_wconf 83' lang='grc' dir='ltr'><strong>περὶ</strong></span> <span class='ocrx_word' id='word_1_238' title='bbox 825 3358 920 3422; x_wconf 78' lang='grc' dir='ltr'><strong>ἄλλου</strong></span> <span class='ocrx_word' id='word_1_239' title='bbox 943 3356 1091 3442; x_wconf 77' lang='grc' dir='ltr'><strong>εἰρηκέναι</strong></span> <span class='ocrx_word' id='word_1_240' title='bbox 1115 3361 1164 3422; x_wconf 88' lang='grc' dir='ltr'>τόν</span> <span class='ocrx_word' id='word_1_241' title='bbox 1188 3357 1263 3422; x_wconf 83' lang='grc' dir='ltr'><strong>ἀπό-</strong></span> 
     </span>
     <span class='ocr_line' id='line_1_27' title="bbox 194 3462 1263 3551; baseline 0 -23"><span class='ocrx_word' id='word_1_242' title='bbox 194 3463 313 3528; x_wconf 80' lang='grc' dir='ltr'><strong>στολον.</strong></span> <span class='ocrx_word' id='word_1_243' title='bbox 359 3464 397 3529; x_wconf 79' lang='grc' dir='ltr'>Εἰ</span> <span class='ocrx_word' id='word_1_244' title='bbox 420 3465 454 3528; x_wconf 83' lang='grc' dir='ltr'>δὲ</span> <span class='ocrx_word' id='word_1_245' title='bbox 469 3465 485 3528; x_wconf 95' lang='grc' dir='ltr'><strong>ό</strong></span> <span class='ocrx_word' id='word_1_246' title='bbox 502 3463 602 3549; x_wconf 88' lang='grc' dir='ltr'><strong>Λόγος</strong></span> <span class='ocrx_word' id='word_1_247' title='bbox 621 3465 637 3528; x_wconf 95' lang='grc' dir='ltr'><strong>ό</strong></span> <span class='ocrx_word' id='word_1_248' title='bbox 656 3475 707 3528; x_wconf 84' lang='grc' dir='ltr'><strong>τοῦ</strong></span> <span class='ocrx_word' id='word_1_249' title='bbox 727 3464 847 3550; x_wconf 86' lang='grc' dir='ltr'><strong>Πατρός</strong></span> <span class='ocrx_word' id='word_1_250' title='bbox 867 3491 882 3525; x_wconf 79' lang='grc' dir='ltr'><strong>α</strong></span> <span class='ocrx_word' id='word_1_251' title='bbox 898 3465 914 3528; x_wconf 95' lang='grc' dir='ltr'><strong>ό</strong></span> <span class='ocrx_word' id='word_1_252' title='bbox 936 3464 1081 3551; x_wconf 70' lang='grc' dir='ltr'><strong>καταβὰς,</strong></span> <span class='ocrx_word' id='word_1_253' title='bbox 1096 3462 1186 3542; x_wconf 88' lang='grc' dir='ltr'><strong>αὐτός</strong></span> <span class='ocrx_word' id='word_1_254' title='bbox 1201 3467 1263 3530; x_wconf 74' lang='grc' dir='ltr'>ἐστι</span> 
     </span>
    </p>
   </div>
   <div class='ocr_carea' id='block_1_4' title="bbox 194 3635 1265 4294">
    <p class='ocr_par' dir='ltr' id='par_1_6' title="bbox 196 3635 1264 3792">
     <span class='ocr_line' id='line_1_28' title="bbox 232 3635 1264 3708; baseline 0.001 -21"><span class='ocrx_word' id='word_1_255' title='bbox 232 3636 275 3704; x_wconf 92' lang='lat'>(1)</span> <span class='ocrx_word' id='word_1_256' title='bbox 294 3636 316 3688; x_wconf 90' lang='lat'>1.</span> <span class='ocrx_word' id='word_1_257' title='bbox 336 3653 358 3688; x_wconf 92' lang='lat' dir='ltr'>e.</span> <span class='ocrx_word' id='word_1_258' title='bbox 378 3635 466 3690; x_wconf 88' lang='lat' dir='ltr'>denuo</span> <span class='ocrx_word' id='word_1_259' title='bbox 484 3652 636 3690; x_wconf 85' lang='lat' dir='ltr'>sermonem</span> <span class='ocrx_word' id='word_1_260' title='bbox 655 3636 701 3688; x_wconf 90' lang='lat' dir='ltr'>du·</span> <span class='ocrx_word' id='word_1_261' title='bbox 791 3637 832 3706; x_wconf 86' lang='lat'>(3)</span> <span class='ocrx_word' id='word_1_262' title='bbox 852 3637 935 3690; x_wconf 80' lang='lat' dir='ltr'>Paulo</span> <span class='ocrx_word' id='word_1_263' title='bbox 953 3637 1111 3690; x_wconf 89' lang='lat' dir='ltr'>dissentiunt</span> <span class='ocrx_word' id='word_1_264' title='bbox 1136 3653 1229 3708; x_wconf 84' lang='lat' dir='ltr'>graeca</span> <span class='ocrx_word' id='word_1_265' title='bbox 1250 3655 1264 3688; x_wconf 79' lang='grc' dir='ltr'><strong>υ</strong></span> 
     </span>
     <span class='ocr_line' id='line_1_29' title="bbox 196 3719 1263 3792; baseline 0.001 -20"><span class='ocrx_word' id='word_1_266' title='bbox 196 3737 259 3773; x_wconf 88' lang='lat' dir='ltr'>cens</span> <span class='ocrx_word' id='word_1_267' title='bbox 275 3720 377 3790; x_wconf 82' lang='lat' dir='ltr'>abipso</span> <span class='ocrx_word' id='word_1_268' title='bbox 392 3719 489 3775; x_wconf 86' lang='lat' dir='ltr'>Verbo.</span> <span class='ocrx_word' id='word_1_269' title='bbox 675 3785 678 3792; x_wconf 32' lang='lat'>¹</span> <span class='ocrx_word' id='word_1_270' title='bbox 756 3723 859 3776; x_wconf 79' lang='lat' dir='ltr'>latinis:</span> <span class='ocrx_word' id='word_1_271' title='bbox 879 3723 996 3775; x_wconf 73' lang='lat' dir='ltr'>Hxnvex</span> <span class='ocrx_word' id='word_1_272' title='bbox 1009 3733 1082 3791; x_wconf 84' lang='lat' dir='ltr'>putat</span> <span class='ocrx_word' id='word_1_273' title='bbox 1096 3723 1205 3775; x_wconf 87' lang='lat' dir='ltr'>verbum</span> <span class='ocrx_word' id='word_1_274' title='bbox 1219 3723 1263 3773; x_wconf 80' lang='lat' dir='ltr'>lat.</span> 
     </span>
    </p>

    <p class='ocr_par' dir='ltr' id='par_1_7' title="bbox 194 3802 1265 4294">
     <span class='ocr_line' id='line_1_30' title="bbox 231 3802 1264 3876; baseline 0 -20"><span class='ocrx_word' id='word_1_275' title='bbox 231 3805 274 3870; x_wconf 88' lang='lat'>(2)</span> <span class='ocrx_word' id='word_1_276' title='bbox 298 3802 399 3857; x_wconf 86' lang='lat' dir='ltr'>Textus</span> <span class='ocrx_word' id='word_1_277' title='bbox 431 3820 541 3876; x_wconf 80' lang='lat' dir='ltr'>graecus</span> <span class='ocrx_word' id='word_1_278' title='bbox 571 3803 702 3856; x_wconf 88' lang='lat' dir='ltr'>interserit</span> <span class='ocrx_word' id='word_1_279' title='bbox 756 3808 882 3858; x_wconf 78' lang='lat' dir='ltr'>economia</span> <span class='ocrx_word' id='word_1_280' title='bbox 902 3804 1028 3858; x_wconf 88' lang='lat' dir='ltr'>mendose</span> <span class='ocrx_word' id='word_1_281' title='bbox 1047 3821 1077 3855; x_wconf 80' lang='lat' dir='ltr'>er</span> <span class='ocrx_word' id='word_1_282' title='bbox 1096 3805 1209 3856; x_wconf 82' lang='lat' dir='ltr'>omnibus</span> <span class='ocrx_word' id='word_1_283' title='bbox 1229 3805 1264 3856; x_wconf 86' lang='lat' dir='ltr'>le-</span> 
     </span>
     <span class='ocr_line' id='line_1_31' title="bbox 194 3889 1265 3959; baseline -0.003 -17"><span class='ocrx_word' id='word_1_284' title='bbox 194 3889 410 3959; x_wconf 75' lang='grc' dir='ltr'><strong>ἂνωεευροτίυε,</strong></span> <span class='ocrx_word' id='word_1_285' title='bbox 417 3889 494 3942; x_wconf 91' lang='lat' dir='ltr'>initio</span> <span class='ocrx_word' id='word_1_286' title='bbox 504 3905 600 3959; x_wconf 87' lang='lat' dir='ltr'>nempe</span> <span class='ocrx_word' id='word_1_287' title='bbox 610 3889 703 3958; x_wconf 85' lang='lat' dir='ltr'>capitis</span> <span class='ocrx_word' id='word_1_288' title='bbox 757 3904 829 3944; x_wconf 87' lang='lat' dir='ltr'>ctum</span> <span class='ocrx_word' id='word_1_289' title='bbox 840 3907 897 3943; x_wconf 87' lang='lat' dir='ltr'>esse</span> <span class='ocrx_word' id='word_1_290' title='bbox 910 3889 1039 3942; x_wconf 81' lang='lat' dir='ltr'>ascribis:</span> <span class='ocrx_word' id='word_1_291' title='bbox 1055 3900 1164 3958; x_wconf 87' lang='lat' dir='ltr'>utraque</span> <span class='ocrx_word' id='word_1_292' title='bbox 1174 3900 1265 3941; x_wconf 81' lang='lat' dir='ltr'>tamen</span> 
     </span>
     <span class='ocr_line' id='line_1_32' title="bbox 196 3972 1262 4046; baseline 0 -20"><span class='ocrx_word' id='word_1_293' title='bbox 196 3973 241 4026; x_wconf 91' lang='lat' dir='ltr'>ubi</span> <span class='ocrx_word' id='word_1_294' title='bbox 268 3973 300 4026; x_wconf 90' lang='lat' dir='ltr'>de</span> <span class='ocrx_word' id='word_1_295' title='bbox 329 3973 380 4025; x_wconf 87' lang='lat' dir='ltr'>hoc</span> <span class='ocrx_word' id='word_1_296' title='bbox 408 3974 465 4044; x_wconf 86' lang='lat' dir='ltr'>ipso</span> <span class='ocrx_word' id='word_1_297' title='bbox 489 3972 578 4027; x_wconf 90' lang='lat' dir='ltr'>Verbo</span> <span class='ocrx_word' id='word_1_298' title='bbox 603 3973 702 4026; x_wconf 86' lang='lat' dir='ltr'>dictum</span> <span class='ocrx_word' id='word_1_299' title='bbox 757 3976 836 4029; x_wconf 87' lang='lat' dir='ltr'>lectio</span> <span class='ocrx_word' id='word_1_300' title='bbox 855 3975 1056 4046; x_wconf 86' lang='lat' dir='ltr'>comprobatur:</span> <span class='ocrx_word' id='word_1_301' title='bbox 1073 3973 1117 4026; x_wconf 84' lang='lat' dir='ltr'>illa</span> <span class='ocrx_word' id='word_1_302' title='bbox 1136 3989 1167 4026; x_wconf 90' lang='lat' dir='ltr'>ex</span> <span class='ocrx_word' id='word_1_303' title='bbox 1187 3972 1262 4036; x_wconf 89' lang='lat' dir='ltr'>V1,1</span> 
     </span>
     <span class='ocr_line' id='line_1_33' title="bbox 195 4055 1265 4129; baseline 0 -21"><span class='ocrx_word' id='word_1_304' title='bbox 195 4068 236 4108; x_wconf 90' lang='lat' dir='ltr'>est</span> <span class='ocrx_word' id='word_1_305' title='bbox 259 4055 286 4108; x_wconf 92' lang='lat' dir='ltr'>in</span> <span class='ocrx_word' id='word_1_306' title='bbox 307 4056 436 4126; x_wconf 89' lang='lat' dir='ltr'>principio</span> <span class='ocrx_word' id='word_1_307' title='bbox 458 4073 523 4120; x_wconf 88' lang='lat' dir='ltr'>esse,</span> <span class='ocrx_word' id='word_1_308' title='bbox 543 4056 575 4108; x_wconf 90' lang='lat' dir='ltr'>de</span> <span class='ocrx_word' id='word_1_309' title='bbox 593 4072 646 4126; x_wconf 92' lang='lat' dir='ltr'>quo</span> <span class='ocrx_word' id='word_1_310' title='bbox 664 4069 704 4108; x_wconf 77' lang='lat' dir='ltr'>ta·</span> <span class='ocrx_word' id='word_1_311' title='bbox 759 4063 796 4129; x_wconf 83' lang='lat' dir='ltr'>(p.</span> <span class='ocrx_word' id='word_1_312' title='bbox 813 4074 871 4124; x_wconf 83' lang='lat'>115,</span> <span class='ocrx_word' id='word_1_313' title='bbox 891 4078 917 4112; x_wconf 91' lang='lat' dir='ltr'>n.</span> <span class='ocrx_word' id='word_1_314' title='bbox 935 4060 970 4127; x_wconf 84' lang='lat'>3),</span> <span class='ocrx_word' id='word_1_315' title='bbox 990 4060 1054 4112; x_wconf 87' lang='lat' dir='ltr'>baec</span> <span class='ocrx_word' id='word_1_316' title='bbox 1068 4074 1132 4110; x_wconf 85' lang='lat' dir='ltr'>vero</span> <span class='ocrx_word' id='word_1_317' title='bbox 1151 4074 1183 4110; x_wconf 88' lang='lat' dir='ltr'>ex</span> <span class='ocrx_word' id='word_1_318' title='bbox 1197 4056 1207 4108; x_wconf 88' lang='lat'><em>1</em></span> <span class='ocrx_word' id='word_1_319' title='bbox 1221 4056 1265 4109; x_wconf 86' lang='lat' dir='ltr'>fin.</span> 
     </span>
     <span class='ocr_line' id='line_1_34' title="bbox 196 4139 1265 4214; baseline 0 -22"><span class='ocrx_word' id='word_1_320' title='bbox 196 4155 261 4193; x_wconf 87' lang='lat' dir='ltr'>men</span> <span class='ocrx_word' id='word_1_321' title='bbox 276 4157 301 4192; x_wconf 89' lang='grc' dir='ltr'>ν.</span> <span class='ocrx_word' id='word_1_322' title='bbox 321 4155 351 4205; x_wconf 86' lang='lat'>14</span> <span class='ocrx_word' id='word_1_323' title='bbox 370 4140 464 4193; x_wconf 86' lang='lat' dir='ltr'>dicitur</span> <span class='ocrx_word' id='word_1_324' title='bbox 480 4151 505 4193; x_wconf 84' lang='lat' dir='ltr'>et</span> <span class='ocrx_word' id='word_1_325' title='bbox 525 4157 587 4193; x_wconf 88' lang='lat' dir='ltr'>caro</span> <span class='ocrx_word' id='word_1_326' title='bbox 606 4139 703 4192; x_wconf 79' lang='lat' dir='ltr'>factum</span> <span class='ocrx_word' id='word_1_327' title='bbox 758 4145 801 4196; x_wconf 77' lang='lat' dir='ltr'>vel</span> <span class='ocrx_word' id='word_1_328' title='bbox 821 4144 856 4196; x_wconf 87' lang='lat'>111</span> <span class='ocrx_word' id='word_1_329' title='bbox 877 4145 913 4214; x_wconf 89' lang='lat' dir='ltr'>(p.</span> <span class='ocrx_word' id='word_1_330' title='bbox 931 4146 988 4213; x_wconf 82' lang='lat'>94),</span> <span class='ocrx_word' id='word_1_331' title='bbox 1004 4157 1028 4208; x_wconf 89' lang='grc'>4.</span> <span class='ocrx_word' id='word_1_332' title='bbox 1066 4141 1159 4194; x_wconf 81' lang='lat' dir='ltr'>Latina</span> <span class='ocrx_word' id='word_1_333' title='bbox 1174 4153 1265 4194; x_wconf 82' lang='lat' dir='ltr'>tamen</span> 
     </span>
     <span class='ocr_line' id='line_1_35' title="bbox 197 4223 1066 4294; baseline 0 -18"><span class='ocrx_word' id='word_1_334' title='bbox 197 4223 288 4278; x_wconf 83' lang='lat' dir='ltr'>fuisse.</span> <span class='ocrx_word' id='word_1_335' title='bbox 761 4224 933 4294; x_wconf 79' lang='lat' dir='ltr'>praeferenda</span> <span class='ocrx_word' id='word_1_336' title='bbox 953 4225 1066 4278; x_wconf 81' lang='lat' dir='ltr'>videtur.</span> 
     </span>
    </p>
   </div>
   <div class='ocr_carea' id='block_1_5' title="bbox 270 4421 1196 4490">
    <p class='ocr_par' dir='ltr' id='par_1_8' title="bbox 270 4421 1196 4490">
     <span class='ocr_line' id='line_1_36' title="bbox 270 4421 1196 4490; baseline -0.004 -14"><span class='ocrx_word' id='word_1_337' title='bbox 270 4435 324 4477; x_wconf 77' lang='lat' dir='ltr'>eur.</span> <span class='ocrx_word' id='word_1_338' title='bbox 339 4435 404 4477; x_wconf 60' lang='lat' dir='ltr'>san.</span> <span class='ocrx_word' id='word_1_339' title='bbox 420 4435 476 4478; x_wconf 71' lang='grc' dir='ltr'>ειν.</span> <span class='ocrx_word' id='word_1_340' title='bbox 492 4436 546 4490; x_wconf 63' lang='grc' dir='ltr'><strong>(εει.</strong></span> <span class='ocrx_word' id='word_1_341' title='bbox 559 4437 589 4489; x_wconf 84' lang='lat' dir='ltr'>n&gt;</span> <span class='ocrx_word' id='word_1_342' title='bbox 605 4437 643 4477; x_wconf 79' lang='grc' dir='ltr'>νυ.</span> <span class='ocrx_word' id='word_1_343' title='bbox 1163 4421 1196 4473; x_wconf 87' lang='grc'>10</span> 
     </span>
    </p>
   </div>
   <div class='ocr_carea' id='block_1_6' title="bbox 0 0 1634 5062">
    <p class='ocr_par' dir='ltr' id='par_1_9' title="bbox 0 0 1634 5062">
     <span class='ocr_line' id='line_1_37' title="bbox 0 0 1634 5062; baseline 0 0"><span class='ocrx_word' id='word_1_344' title='bbox 0 0 1634 5062; x_wconf 95' lang='lat' dir='ltr'> </span> 
     </span>
    </p>
   </div>
  </div>
 </body>
</html>
