3230 5062
367 442 425 528 178
651 461 778 509 munau
802 461 962 508 novansus
985 461 1140 507 uannnsas
1276 459 1359 528 [xssl
1377 459 1427 528 γυ

361 655 521 723 confessae
540 673 622 736 sunt,
642 673 673 722 et
696 654 869 722 secundum
893 677 1006 743 corpus
1030 657 1250 722 exterminatas
1270 679 1303 722 se
1322 655 1359 721 ab
1377 679 1428 738 e0,

360 779 391 829 et
412 762 499 829 velut
521 761 665 850 cupidine
693 760 903 827 inflammatas
926 759 1016 828 valde
1042 760 1131 826 illum
1155 784 1189 828 se
1212 761 1369 844 dilexisse3
1393 779 1428 828 ut

360 886 391 936 et
405 869 555 936 diaconus
571 868 698 956 quidam
713 891 823 934 eorum
842 869 895 956 qui
915 884 987 934 sunt
1009 869 1042 934 in
1058 869 1134 934 Asia
1158 869 1306 949 nostrin>
1328 871 1428 936 susci-

360 978 448 1064 piens
470 999 544 1042 eum
564 977 596 1042 in
615 975 747 1042 domum
764 997 866 1054 suam,
882 973 1024 1042 inciderit
1047 976 1080 1040 in
1103 974 1284 1043 huiusmodi
1300 977 1428 1042 calami-

360 1098 467 1149 tatem.
513 1083 598 1149 Nam
617 1105 715 1171 quum
731 1098 812 1148 esset
828 1103 908 1148 uxor
926 1081 1033 1148 eiust)
1052 1084 1201 1170 speciosa,
1226 1099 1256 1148 et
1275 1086 1427 1150 sententia

360 1206 390 1255 et
414 1211 546 1278 corpore
561 1205 705 1276 corrupta
721 1204 802 1254 esset
817 1212 834 1254 a
850 1210 945 1278 mago
969 1189 1040 1270 isto,
1058 1205 1087 1254 et
1102 1206 1230 1278 sequuta
1247 1213 1321 1256 eum
1345 1209 1427 1258 esset

361 1297 462 1363 multo
478 1315 630 1384 tempore,
646 1311 716 1384 post
734 1292 846 1361 deinde
869 1318 942 1361 cum
966 1318 1084 1384 magno
1108 1295 1214 1362 labore
1231 1295 1340 1362 fratres
1356 1320 1426 1362 eam

360 1403 597 1485 convertissent,
607 1424 703 1468 omne
714 1418 838 1488 tempus
849 1401 881 1466 in
891 1401 1128 1490 exhomologesi
1137 1402 1170 1456 (³)
1181 1405 1427 1484 consummavit,

360 1511 508 1600 plangens
540 1527 570 1576 et
597 1511 769 1576 lamentans
796 1509 838 1575 ob
866 1511 956 1591 hanc,
980 1533 1075 1598 quam
1100 1534 1188 1598 passa
1220 1527 1267 1576 est
1298 1509 1335 1577 ab
1365 1512 1426 1578 hoc

361 1641 464 1706 magu,
489 1617 707 1705 corruptelam.

429 1727 457 1790 6.
482 1723 585 1814 [WH.
613 1723 685 1802 VII,
705 1723 749 1814 5].
795 1723 834 1790 Et
858 1723 1000 1811 discipuli
1017 1738 1121 1789 autem
1139 1725 1205 1788 eius
1222 1723 1349 1810 quidam
1367 1725 1426 1790 cir-

360 1829 590 1898 cumobversati
610 1832 642 1896 in
661 1829 783 1912 iisdem,
803 1829 986 1897 seducentes
1003 1829 1202 1895 mulierculas
1219 1829 1332 1896 multas
1356 1853 1428 1896 cor-

361 1953 519 2026 ruperunt,
535 1935 688 2025 perfectos
704 1939 890 2025 semetipsos
902 1952 1063 2003 vocantes:
1072 1935 1105 1989 (4)
1118 1937 1206 2024 quasi
1219 1957 1315 2002 nemo
1328 1939 1427 2023 possit

360 2045 521 2133 exaequari
546 2041 752 2134 magnitudini
783 2045 950 2132 agnitionis
980 2045 1133 2131 ipsorum,
1160 2067 1217 2110 nec
1242 2046 1268 2108 si
1292 2044 1426 2110 Paulum

361 2236 428 2301 σέαν
450 2247 503 2300 τοῦ
527 2235 606 2302 Θεοῦ
630 2235 908 2322 ἐξωμολογήσαντο,
923 2237 976 2298 καὶ
990 2239 1071 2300 κατὰ
1084 2239 1118 2300 τὸ
1133 2245 1223 2321 σῶμα
1237 2237 1427 2322 ηχρειῦοθαι

360 2343 469 2420 ἑαυτὰς
479 2343 530 2408 ὑπ’
538 2347 639 2426 αὐτοῦ,
651 2345 705 2408 καὶ
716 2343 863 2428 ἐρωτικῶς
874 2341 952 2407 πάνυ
961 2344 1050 2406 αὐτὸν
1062 2343 1273 2427 πεφιληκέναι·
1283 2346 1362 2408 ὥστε
1374 2347 1428 2407 καὶ

359 2451 497 2515 διάκονόν
508 2473 573 2516 τινα
584 2461 642 2515 τῶν
654 2451 686 2515 ἐν
701 2461 737 2534 τη
754 2448 847 2534 Ἀσίᾳ
861 2457 919 2512 τῶν
934 2447 1086 2534 ἡμετέρων
1100 2449 1321 2535 ὑποδεξάμενον
1335 2452 1426 2514 αὐτὸν

358 2557 401 2634 εἰς
415 2560 465 2621 τὸν
480 2559 561 2622 οἶκον
577 2558 677 2639 αὑτοῦ,
698 2565 867 2642 περιπεσεῖν
885 2555 979 2639 ταύτῃ
992 2565 1031 2640 τη
1043 2564 1198 2641 συμφορᾷ·
1215 2565 1268 2642 της
1285 2559 1427 2642 γυναικὸς

358 2664 451 2726 αὐτοῦ
463 2662 592 2739 εὐειδοῦς
603 2661 806 2748 ὑπαρχούσης,
816 2661 869 2724 καὶ
879 2662 933 2745 την
944 2658 1075 2745 γνώμην,
1089 2663 1186 2724 καὶτὸ
1198 2669 1287 2744 σῶμα
1298 2661 1427 2744 διατρθα·

359 2767 458 2853 ρεέσης
469 2769 527 2832 ὑπὸ
539 2778 591 2834 τοῦ
606 2769 705 2853 μάγου
721 2767 835 2850 τούτου,
852 2769 904 2830 καὶ
917 2764 1207 2852 έξακολουθησέσης
1221 2770 1303 2851 αὐτῷ
1319 2767 1426 2852 πολλῷ

358 2884 400 2961 τῷ
422 2873 534 2962 χρόνῳ,
558 2879 662 2940 ἔπειτα
685 2878 761 2960 μετὰ
783 2867 908 2938 πολλοῦΙ
924 2873 1022 2939 κόπου
1048 2884 1106 2938 τῶν
1131 2875 1272 2960 ἀδελφῶν
1293 2875 1427 2960 ἐπιστρε-

359 2983 477 3067 ψάντων
498 2985 601 3066 αὐτὴν,
624 2987 674 3046 τὸν
701 2985 820 3045 ἅπαντα
846 2980 955 3066 χρόνον
982 2979 1241 3067 ἐξομολογουμένη
1265 2981 1424 3062 διετέλεσε,

360 3090 517 3154 πενθοῦσα
534 3091 587 3153 καὶ
604 3090 760 3175 θρηνοῦσα
775 3086 855 3172 ἔφή
871 3087 988 3150 έπαθεν
1003 3088 1062 3152 ὑπὸ
1077 3097 1130 3153 τοῦ
1145 3088 1246 3173 μέγου
1265 3088 1425 3174 διαφθορᾷ.

428 3197 457 3261 6.
475 3197 536 3260 Καὶ
550 3197 686 3281 μαθηταὶ
701 3196 735 3259 δὲ
750 3197 841 3258 αὐτοῦ
856 3195 933 3269 τινές
948 3194 1188 3277 περιπολῑζοντες
1199 3197 1232 3258 έν
1244 3205 1305 3272 τοῖς
1316 3196 1425 3276 αὐτοῖς,

360 3298 565 3377 ἐξαπατῶντες
576 3299 755 3384 γυναικάρια
766 3297 866 3361 πολλὰ
877 3295 1060 3383 διέφθειραν,
1071 3299 1204 3376 τελείους
1218 3299 1342 3376 ἑαυτοὺς
1356 3301 1426 3362 ἀνα-

359 3405 550 3488 γορεύοντες·
574 3405 615 3482 ὡς
638 3405 765 3490 μηδενὸς
786 3399 951 3487 δυναμένου
970 3403 1151 3490 ἐξισωθῆναι
1168 3414 1210 3488 τῷ
1230 3403 1356 3490 μεγέθει
1373 3414 1427 3488 τῆς

358 3509 497 3596 γνώσεως
511 3513 616 3594 αὐτῶν,
633 3511 703 3596 μηδ’
715 3514 752 3575 ἂν
768 3509 902 3593 Παῦλον,
915 3509 986 3594 μηδ’
998 3513 1034 3574 ἂν
1051 3509 1168 3597 Πέτρον
1183 3514 1277 3596 εἴπης,
1291 3511 1361 3597 μηδ’
1374 3512 1426 3574 ἄλ-

395 3679 438 3747 (1)
457 3678 476 3730 1.
487 3695 509 3730 e.
520 3677 626 3748 quidam
637 3696 670 3732 ex
680 3679 776 3731 nostris
789 3681 865 3748 (con-
955 3678 997 3746 (3)
1012 3679 1084 3731 Ante
1093 3677 1238 3732 Callixtum
1248 3679 1344 3732 mulier
1353 3679 1425 3732 adul-

359 3762 472 3830 civibus)
500 3761 528 3814 in
556 3763 630 3814 Asia.
674 3762 742 3814 Hinc
766 3762 865 3814 eruitur
919 3774 975 3816 tera
994 3764 1083 3816 debuit
1095 3775 1153 3817 toto
1172 3765 1242 3817 vitae
1260 3776 1379 3835 tempore
1397 3764 1425 3816 in

358 3863 463 3917 quoque
481 3846 564 3916 patria
580 3847 673 3912 Marci,
695 3859 723 3899 ut
742 3847 864 3900 diximus.
920 3847 1082 3917 poenitentia
1092 3849 1195 3919 publica
1204 3849 1285 3918 [hunc
1293 3865 1358 3920 ergo
1366 3865 1425 3901 sen-

395 3932 436 4000 (2)
456 3931 539 3983 Locus
553 3931 664 4002 insignis
678 3932 710 3983 ad
726 3931 865 3984 historiam
919 3948 978 3984 sum
994 3932 1073 3984 habet
1086 3949 1138 3985 vox
1150 3932 1353 4003 exhomologesis]
1368 3948 1425 3984 ver-

360 4015 510 4070 caelibatus¹
531 4015 633 4084 Notum
641 4027 679 4069 est
687 4015 864 4068 autemGrae·
920 4016 980 4080 sari,
996 4027 1024 4068 ut
1043 4028 1138 4069 notum
1157 4028 1204 4070 est.

359 4117 405 4152 cos
419 4099 488 4152 hanc
502 4117 578 4171 super
592 4117 648 4153 rem
660 4101 784 4171 peculiari
797 4117 865 4153 sem·
955 4101 997 4168 (4)
1017 4100 1071 4154 Cur
1084 4100 1149 4153 haec
1163 4101 1242 4153 addat
1254 4101 1368 4154 vidimus
1378 4099 1425 4166 VI,

358 4201 404 4254 per
423 4201 484 4236 usos
503 4201 559 4238 esse
579 4185 642 4238 iure.
920 4200 945 4250 4,
964 4203 989 4256 p.
1012 4199 1061 4255 119
1074 4196 1099 4238 et
1117 4199 1173 4250 120,
1192 4197 1247 4238 not.
1272 4201 1293 4238 1.
