3238 5090
210 486 417 557 <xr111,1-4).]
608 489 698 536 uer-:n
720 489 885 535 secunous
1215 447 1276 557 441

212 701 252 746 ετ
277 701 389 749 uonxru
419 704 441 748 x
471 703 596 750 numne
627 702 754 749 xtrnno
785 701 947 748 coouosct
972 703 1037 764 rur,
1064 704 1126 752 urst
1152 704 1279 752 asoto

211 785 331 852 Perna.
378 786 504 854 Etenim
528 788 554 854 si
570 787 639 875 quis
655 787 795 875 exquirat
818 809 956 866 causam,
979 803 1222 877 propterquam
1246 789 1277 854 iu

211 891 359 958 omnibus
383 893 474 960 Pater
497 894 736 960 communicans
761 893 852 973 Filio,
886 893 972 959 solus
1001 895 1082 960 scire
1111 893 1225 962 horam
1248 913 1278 962 et

209 996 296 1064 diem
320 1023 337 1065 a
360 1000 503 1066 Domino
527 999 741 1067 manifestatus
765 1015 822 1081 est,
845 1022 947 1087 neque
969 999 1137 1088 aptabilem
1166 1002 1276 1089 magis

211 1127 311 1192 neque
332 1105 556 1188 decentiorem,
587 1129 645 1174 nec
669 1107 737 1173 sine
755 1107 893 1195 periculo
924 1106 1054 1174 alteram
1078 1131 1172 1196 quam
1197 1107 1276 1175 hanc

210 1210 348 1277 inveniat
370 1213 403 1278 in
425 1213 590 1300 praesenti,
613 1213 764 1301 quoniam
788 1213 873 1278 enim
897 1214 983 1280 solus
1011 1235 1104 1280 verax
1128 1215 1277 1301 magister

210 1334 258 1383 est
274 1318 443 1401 Dominus,
466 1336 501 1385 ut
522 1319 681 1386 discamus
703 1321 877 1408 peripsum
901 1344 993 1408 super
1009 1321 1117 1388 omnia
1133 1343 1201 1388 esse
1218 1322 1277 1386 Pa-

210 1439 302 1490 trem.
348 1425 474 1492 Etenim
504 1428 666 1509 «Pater»,
689 1429 742 1510 ait,
769 1428 902 1494 «maior
922 1449 974 1494 me
992 1444 1039 1494 est
1055 1427 1126 1493 ».(¹)
1169 1428 1208 1494 Et
1227 1451 1277 1494 se-

209 1529 348 1598 cundum
372 1534 566 1620 agnitionem
596 1535 697 1622 itaque
728 1535 921 1623 praepositus
949 1557 1018 1600 esse
1041 1534 1133 1601 Pater
1156 1558 1277 1601 annun-

210 1639 303 1703 tiatus
326 1655 373 1705 est
395 1663 413 1706 a
435 1640 579 1707 Domino
603 1656 712 1706 nostro
732 1638 769 1707 ad
786 1640 857 1723 hoc,
881 1657 1045 1721 mernor,
1068 1642 1101 1706 in
1124 1657 1277 1728 quantum

209 1745 241 1809 in
260 1743 360 1831 figura
379 1744 472 1812 huius
491 1747 601 1813 mundi
621 1769 741 1828 sumne,
764 1746 934 1834 perfectam
958 1748 1122 1813 scientiam
1145 1763 1175 1813 et
1199 1747 1276 1813 tales

209 1851 407 1936 quaestiones
429 1853 640 1920 concedamus
663 1854 749 1919 Deo:
782 1869 811 1919 et
835 1875 874 1918 ne
898 1852 979 1919 sorte
1001 1871 1185 1942 quaerentes
1207 1853 1277 1919 alti-

209 1955 350 2022 tudinem
371 1959 471 2025 Patris
490 1960 688 2047 investigare,
707 1961 876 2026 intantum
892 1960 1066 2048 periculum
1090 1959 1275 2042 incidamus,

210 2064 254 2128 uti
272 2085 470 2150 quaeramus
489 2089 529 2131 an
548 2088 640 2154 super
658 2067 764 2132 Deum
784 2067 860 2132 alter
879 2069 919 2132 sit
937 2067 1076 2134 Deme)

278 2190 307 2253 9.
332 2169 436 2260 [IVH.
456 2172 581 2253 XLIII,
603 2171 647 2263 4].
695 2172 727 2239 Si
747 2189 851 2239 autem
875 2175 945 2263 quis
967 2198 1077 2241 amans
1100 2175 1276 2242 contentio-

210 2296 295 2356 nem,
319 2276 530 2344 contradictor
552 2277 644 2344 suerit
668 2277 716 2345 his
735 2301 813 2367 quae
829 2302 847 2344 a
861 2278 953 2345 nobis
973 2278 1053 2346 dicta
1073 2299 1156 2362 sunt,
1180 2279 1276 2348 ethis

209 2403 287 2468 quae
310 2383 348 2449 ab
371 2384 526 2471 Apostolo
559 2384 651 2451 relata
675 2401 757 2466 sunt,
787 2388 964 2473 «quoniam
988 2411 1025 2452 ex
1048 2404 1133 2474 parte
1156 2410 1276 2475 cogno-

213 2514 227 2550 «
243 2489 373 2570 scimus,
397 2509 480 2557 etex
495 2507 581 2578 parte
604 2491 871 2579 prophetamus»,
895 2508 981 2580 putet
997 2515 1030 2558 se
1046 2515 1111 2558 non
1127 2515 1164 2558 ex
1178 2509 1274 2580 parte,

210 2595 264 2662 sed
288 2596 502 2662 universaliter
525 2598 706 2664 universam
730 2599 848 2684 cepisse
871 2620 982 2663 eorum
1006 2621 1084 2686 quae
1101 2614 1172 2663 sunt
1188 2600 1277 2686 agni-

210 2702 340 2782 tionem,
365 2702 549 2769 Valentinus
572 2703 683 2791 aliquis
706 2704 867 2783 exsistens,
898 2719 951 2768 aut
982 2703 1191 2785 Ptolemaeus,
1222 2721 1275 2770 aut

211 2806 370 2888 Basilides,
394 2809 444 2874 vel
467 2808 576 2897 aliquis
600 2832 712 2876 eorum
735 2810 788 2897 qui
811 2806 989 2876 altitudines
1020 2810 1082 2876 Dei
1104 2811 1275 2898 exquisisse

211 2935 243 2979 se
266 2913 388 2994 dicunt;
412 2938 477 2981 non
494 2917 526 2981 in
542 2938 578 2981 ea
593 2939 672 3004 quae
694 2914 861 2981 invisibilia
885 2933 968 2997 sunt,
987 2916 1036 2982 vel
1051 2938 1131 3004 quae
1154 2914 1275 2983 ostendi

211 3041 276 3085 non
291 3039 433 3108 possunt,
448 3045 521 3088 cum
539 3023 622 3088 inani
642 3023 785 3088 iactantia
803 3021 955 3088 decorans
975 3023 1190 3110 semetipsum,
1207 3022 1276 3110 plus

212 3149 306 3214 quam
331 3128 467 3216 reliquos
498 3151 531 3194 se
555 3129 721 3215 agnovisse
744 3128 908 3216 glorietur:
940 3127 994 3194 sed
1026 3152 1133 3195 causas
1163 3151 1275 3195 eorum

210 3235 343 3321 quaein
367 3233 427 3300 hoc
455 3251 528 3301 sunt
560 3233 691 3315 munde,
714 3258 791 3322 quas
814 3257 873 3300 nos
905 3257 970 3300 non
994 3235 1122 3315 scimus,
1145 3249 1179 3300 ut
1202 3251 1276 3322 puta

210 3361 380 3405 numerum
411 3339 596 3426 capillorum
628 3341 736 3427 capitis
767 3341 826 3420 sui,
858 3356 889 3406 et
911 3338 950 3406 de
981 3341 1029 3407 his
1052 3341 1105 3427 qui
1137 3339 1276 3427 quotidie

209 3446 371 3533 capiuntur
394 3469 544 3534 passereS,
568 3462 598 3512 et
620 3443 658 3511 de
683 3445 808 3532 reliquis
832 3468 897 3512 uon
920 3447 1056 3534 provisis
1079 3443 1206 3512 anobis
1228 3445 1277 3514 di-

210 3551 340 3639 ligenter
363 3553 528 3640 exquirens
552 3569 582 3617 et
597 3575 614 3617 a
631 3552 721 3618 Patre
735 3551 870 3634 discens,
894 3554 1057 3619 aununtiet
1076 3551 1179 3633 nobis,
1197 3569 1231 3619 ut
1246 3555 1275 3619 ei

244 3704 287 3771 (r)
307 3702 366 3756 lou.
387 3701 459 3768 XIV,
480 3703 522 3756 28.
770 3705 841 3756 solus
854 3704 932 3756 Pater
945 3704 977 3756 ab
990 3721 1021 3758 eo
1037 3705 1110 3757 illam
1122 3704 1194 3756 diem
1209 3705 1276 3757 scire

244 3787 286 3853 (a)
305 3786 346 3839 Ex
364 3786 406 3840 his
424 3788 502 3858 plane
520 3798 624 3842 constat
646 3787 714 3840 lren.
769 3788 879 3840 dicatur.
909 3787 973 3840 Fere
982 3788 1076 3840 eadem
1089 3788 1125 3840 rei
1135 3788 1277 3858 explicatio

209 3871 389 3942 ignorantiam
417 3873 516 3925 realem
546 3871 597 3925 diei
625 3871 714 3925 iudicii
769 3871 838 3940 apud
858 3870 964 3941 Recogn.
985 3869 1199 3924 Clement.lib.X
1219 3887 1276 3941 per-

208 3955 326 4009 Domino
336 3973 391 4008 non
399 3955 576 4027 adscripsisse,
586 3956 631 4010 sed
642 3956 713 4009 Illius
768 3953 881 4008 bibetur.
922 3955 963 4007 De
991 3954 1179 4024 posterioribus
1201 3955 1277 4007 theo-

208 4039 387 4093 adsertionem
402 4039 429 4092 in
440 4057 517 4094 sensu
533 4041 714 4093 didacticoac-
768 4040 836 4110 logis
847 4039 930 4110 deque
940 4040 1009 4092 lucta
1017 4038 1117 4091 Ariana
1127 4039 1196 4090 circa
1203 4037 1279 4102 haec,

208 4123 322 4194 cepisse;
335 4124 471 4178 nonenim
485 4141 591 4178 causam
604 4124 713 4195 exponit
767 4123 842 4192 plura
861 4122 907 4176 cfr.
926 4123 995 4194 apud
1014 4121 1142 4186 Tutemet,
1162 4120 1228 4174 Hisl.
1247 4120 1277 4173 de

206 4225 257 4280 qua
285 4208 365 4262 Filius
392 4207 563 4280 ignoraverit,
585 4211 631 4263 sed
662 4227 713 4280 qua
766 4209 795 4260 de
813 4208 839 4260 lo
857 4207 926 4260 tlrIoI.
941 4209 1016 4278 posit.
1036 4205 1056 4272 1,
1075 4223 1099 4276 p.
1122 4220 1151 4275 33
1173 4221 1207 4258 ss.
