<?xml version="1.0" encoding="UTF-8"?>
<!DOCTYPE html PUBLIC "-//W3C//DTD XHTML 1.0 Transitional//EN"
    "http://www.w3.org/TR/xhtml1/DTD/xhtml1-transitional.dtd">
<html xmlns="http://www.w3.org/1999/xhtml" xml:lang="en" lang="en">
 <head>
  <title>
</title>
<meta http-equiv="Content-Type" content="text/html;charset=utf-8" />
  <meta name='ocr-system' content='tesseract 3.04.00' />
  <meta name='ocr-capabilities' content='ocr_page ocr_carea ocr_par ocr_line ocrx_word'/>
</head>
<body>
  <div class='ocr_page' id='page_1' title='image "./adversushaerese00irengoog_0450.png"; bbox 0 0 3238 5090; ppageno 0'>
   <div class='ocr_carea' id='block_1_1' title="bbox 181 469 1243 540">
    <p class='ocr_par' dir='ltr' id='par_1_1' title="bbox 181 469 1243 540">
     <span class='ocr_line' id='line_1_1' title="bbox 181 469 1243 540; baseline -0.007 -18"><span class='ocrx_word' id='word_1_1' title='bbox 181 469 449 540; x_wconf 74' lang='lat' dir='ltr'>(xLlV-XLV1,1).]</span> <span class='ocrx_word' id='word_1_2' title='bbox 572 473 665 521; x_wconf 77' lang='lat' dir='ltr'>uuna</span> <span class='ocrx_word' id='word_1_3' title='bbox 686 473 851 520; x_wconf 80' lang='lat' dir='ltr'>sncuuuus</span> <span class='ocrx_word' id='word_1_4' title='bbox 1181 470 1243 536; x_wconf 79' lang='lat'>445</span> 
     </span>
    </p>
   </div>
   <div class='ocr_carea' id='block_1_2' title="bbox 134 665 1256 2543">
    <p class='ocr_par' dir='ltr' id='par_1_2' title="bbox 134 665 1256 2543">
     <span class='ocr_line' id='line_1_2' title="bbox 134 665 1250 756; baseline 0 -24"><span class='ocrx_word' id='word_1_5' title='bbox 134 677 140 694; x_wconf 84' lang='grc'><em>·</em></span> <span class='ocrx_word' id='word_1_6' title='bbox 180 665 406 754; x_wconf 89' lang='lat' dir='ltr'>ingrediuntur,</span> <span class='ocrx_word' id='word_1_7' title='bbox 429 668 580 756; x_wconf 92' lang='lat' dir='ltr'>quoniam</span> <span class='ocrx_word' id='word_1_8' title='bbox 600 667 737 756; x_wconf 89' lang='lat' dir='ltr'>spiritale</span> <span class='ocrx_word' id='word_1_9' title='bbox 755 684 819 734; x_wconf 90' lang='lat' dir='ltr'>est:</span> <span class='ocrx_word' id='word_1_10' title='bbox 843 667 927 756; x_wconf 91' lang='lat' dir='ltr'>quod</span> <span class='ocrx_word' id='word_1_11' title='bbox 951 683 1056 734; x_wconf 91' lang='lat' dir='ltr'>autem</span> <span class='ocrx_word' id='word_1_12' title='bbox 1080 683 1127 732; x_wconf 90' lang='lat' dir='ltr'>est</span> <span class='ocrx_word' id='word_1_13' title='bbox 1150 681 1250 732; x_wconf 90' lang='lat' dir='ltr'>mate-</span> 
     </span>
     <span class='ocr_line' id='line_1_3' title="bbox 180 768 1250 861; baseline 0 -25"><span class='ocrx_word' id='word_1_14' title='bbox 180 771 267 852; x_wconf 90' lang='lat' dir='ltr'>riale,</span> <span class='ocrx_word' id='word_1_15' title='bbox 291 769 405 838; x_wconf 86' lang='lat' dir='ltr'>residet</span> <span class='ocrx_word' id='word_1_16' title='bbox 435 770 596 852; x_wconf 90' lang='lat' dir='ltr'>deorsum,</span> <span class='ocrx_word' id='word_1_17' title='bbox 619 773 768 861; x_wconf 89' lang='lat' dir='ltr'>quoniam</span> <span class='ocrx_word' id='word_1_18' title='bbox 800 788 846 838; x_wconf 92' lang='lat' dir='ltr'>est</span> <span class='ocrx_word' id='word_1_19' title='bbox 877 771 1046 852; x_wconf 88' lang='lat' dir='ltr'>materiale,</span> <span class='ocrx_word' id='word_1_20' title='bbox 1069 787 1100 837; x_wconf 91' lang='lat' dir='ltr'>et</span> <span class='ocrx_word' id='word_1_21' title='bbox 1122 768 1250 837; x_wconf 85' lang='lat' dir='ltr'>exarde-</span> 
     </span>
     <span class='ocr_line' id='line_1_4' title="bbox 182 877 1250 966; baseline -0.001 -22"><span class='ocrx_word' id='word_1_22' title='bbox 182 894 287 944; x_wconf 86' lang='lat' dir='ltr'>scente</span> <span class='ocrx_word' id='word_1_23' title='bbox 303 901 341 944; x_wconf 94' lang='lat' dir='ltr'>eo</span> <span class='ocrx_word' id='word_1_24' title='bbox 357 879 411 966; x_wconf 93' lang='lat' dir='ltr'>qui</span> <span class='ocrx_word' id='word_1_25' title='bbox 427 879 507 944; x_wconf 91' lang='lat' dir='ltr'>inest</span> <span class='ocrx_word' id='word_1_26' title='bbox 526 879 555 945; x_wconf 93' lang='lat' dir='ltr'>ei</span> <span class='ocrx_word' id='word_1_27' title='bbox 573 877 694 966; x_wconf 81' lang='lat' dir='ltr'>igne‚(¹)</span> <span class='ocrx_word' id='word_1_28' title='bbox 710 896 915 945; x_wconf 87' lang='lat' dir='ltr'>consumetur</span> <span class='ocrx_word' id='word_1_29' title='bbox 928 879 961 945; x_wconf 93' lang='lat' dir='ltr'>in</span> <span class='ocrx_word' id='word_1_30' title='bbox 977 895 1097 944; x_wconf 90' lang='lat' dir='ltr'>totum:</span> <span class='ocrx_word' id='word_1_31' title='bbox 1114 877 1250 943; x_wconf 89' lang='lat' dir='ltr'>animale</span> 
     </span>
     <span class='ocr_line' id='line_1_5' title="bbox 182 984 1251 1074; baseline -0.001 -25"><span class='ocrx_word' id='word_1_32' title='bbox 182 1007 276 1074; x_wconf 87' lang='lat' dir='ltr'>quare</span> <span class='ocrx_word' id='word_1_33' title='bbox 300 1009 365 1052; x_wconf 92' lang='lat' dir='ltr'>non</span> <span class='ocrx_word' id='word_1_34' title='bbox 387 1002 491 1052; x_wconf 89' lang='lat' dir='ltr'>totum</span> <span class='ocrx_word' id='word_1_35' title='bbox 515 987 547 1052; x_wconf 92' lang='lat' dir='ltr'>in</span> <span class='ocrx_word' id='word_1_36' title='bbox 571 985 747 1052; x_wconf 83' lang='lat' dir='ltr'>medietatis</span> <span class='ocrx_word' id='word_1_37' title='bbox 778 985 885 1052; x_wconf 91' lang='lat' dir='ltr'>locum</span> <span class='ocrx_word' id='word_1_38' title='bbox 917 984 1015 1067; x_wconf 91' lang='lat' dir='ltr'>cedet,</span> <span class='ocrx_word' id='word_1_39' title='bbox 1039 986 1072 1050; x_wconf 91' lang='lat' dir='ltr'>in</span> <span class='ocrx_word' id='word_1_40' title='bbox 1093 1007 1190 1073; x_wconf 90' lang='lat' dir='ltr'>quem</span> <span class='ocrx_word' id='word_1_41' title='bbox 1220 999 1251 1048; x_wconf 91' lang='lat' dir='ltr'>et</span> 
     </span>
     <span class='ocr_line' id='line_1_6' title="bbox 183 1087 1251 1180; baseline -0.003 -22"><span class='ocrx_word' id='word_1_42' title='bbox 183 1092 397 1180; x_wconf 86' lang='lat' dir='ltr'>Demiurgum</span> <span class='ocrx_word' id='word_1_43' title='bbox 429 1093 577 1158; x_wconf 88' lang='lat' dir='ltr'>mittunt?</span> <span class='ocrx_word' id='word_1_44' title='bbox 631 1091 719 1174; x_wconf 91' lang='lat' dir='ltr'>Quid</span> <span class='ocrx_word' id='word_1_45' title='bbox 750 1107 856 1158; x_wconf 91' lang='lat' dir='ltr'>autem</span> <span class='ocrx_word' id='word_1_46' title='bbox 879 1108 927 1158; x_wconf 91' lang='lat' dir='ltr'>est</span> <span class='ocrx_word' id='word_1_47' title='bbox 956 1089 1033 1159; x_wconf 93' lang='lat' dir='ltr'>illud</span> <span class='ocrx_word' id='word_1_48' title='bbox 1056 1089 1140 1180; x_wconf 91' lang='lat' dir='ltr'>quod</span> <span class='ocrx_word' id='word_1_49' title='bbox 1164 1087 1251 1156; x_wconf 86' lang='lat' dir='ltr'>cedet</span> 
     </span>
     <span class='ocr_line' id='line_1_7' title="bbox 182 1195 1252 1283; baseline -0.004 -19"><span class='ocrx_word' id='word_1_50' title='bbox 182 1220 294 1264; x_wconf 90' lang='lat' dir='ltr'>eorum</span> <span class='ocrx_word' id='word_1_51' title='bbox 318 1199 397 1264; x_wconf 87' lang='lat' dir='ltr'>intra</span> <span class='ocrx_word' id='word_1_52' title='bbox 422 1199 586 1266; x_wconf 85' lang='lat' dir='ltr'>Pleroma?</span> <span class='ocrx_word' id='word_1_53' title='bbox 635 1199 769 1265; x_wconf 85' lang='lat' dir='ltr'>Animas</span> <span class='ocrx_word' id='word_1_54' title='bbox 792 1199 878 1264; x_wconf 89' lang='lat' dir='ltr'>enim</span> <span class='ocrx_word' id='word_1_55' title='bbox 901 1199 935 1264; x_wconf 90' lang='lat' dir='ltr'>in</span> <span class='ocrx_word' id='word_1_56' title='bbox 958 1195 1158 1264; x_wconf 88' lang='lat' dir='ltr'>medietatem</span> <span class='ocrx_word' id='word_1_57' title='bbox 1182 1217 1252 1283; x_wconf 91' lang='lat' dir='ltr'>per-</span> 
     </span>
     <span class='ocr_line' id='line_1_8' title="bbox 184 1301 1253 1394; baseline -0.003 -24"><span class='ocrx_word' id='word_1_58' title='bbox 184 1327 325 1372; x_wconf 86' lang='lat' dir='ltr'>severare</span> <span class='ocrx_word' id='word_1_59' title='bbox 341 1303 463 1371; x_wconf 91' lang='lat' dir='ltr'>dicunt:</span> <span class='ocrx_word' id='word_1_60' title='bbox 480 1327 612 1392; x_wconf 87' lang='lat' dir='ltr'>corpora</span> <span class='ocrx_word' id='word_1_61' title='bbox 628 1321 744 1390; x_wconf 90' lang='lat' dir='ltr'>autem,</span> <span class='ocrx_word' id='word_1_62' title='bbox 760 1306 911 1394; x_wconf 89' lang='lat' dir='ltr'>quoniam</span> <span class='ocrx_word' id='word_1_63' title='bbox 928 1303 1122 1370; x_wconf 85' lang='lat' dir='ltr'>materialem</span> <span class='ocrx_word' id='word_1_64' title='bbox 1138 1301 1253 1369; x_wconf 90' lang='lat' dir='ltr'>habent</span> 
     </span>
     <span class='ocr_line' id='line_1_9' title="bbox 184 1409 1252 1498; baseline -0.004 -21"><span class='ocrx_word' id='word_1_65' title='bbox 184 1410 401 1492; x_wconf 86' lang='lat' dir='ltr'>substantiam,</span> <span class='ocrx_word' id='word_1_66' title='bbox 425 1413 456 1476; x_wconf 91' lang='lat' dir='ltr'>in</span> <span class='ocrx_word' id='word_1_67' title='bbox 481 1412 644 1477; x_wconf 86' lang='lat' dir='ltr'>materiam</span> <span class='ocrx_word' id='word_1_68' title='bbox 668 1411 804 1478; x_wconf 89' lang='lat' dir='ltr'>resoluta</span> <span class='ocrx_word' id='word_1_69' title='bbox 827 1409 934 1478; x_wconf 88' lang='lat' dir='ltr'>ardere</span> <span class='ocrx_word' id='word_1_70' title='bbox 961 1409 999 1476; x_wconf 92' lang='lat' dir='ltr'>ab</span> <span class='ocrx_word' id='word_1_71' title='bbox 1022 1433 1061 1476; x_wconf 93' lang='lat' dir='ltr'>eo</span> <span class='ocrx_word' id='word_1_72' title='bbox 1084 1409 1193 1498; x_wconf 89' lang='lat' dir='ltr'>quiin</span> <span class='ocrx_word' id='word_1_73' title='bbox 1217 1430 1252 1474; x_wconf 91' lang='lat' dir='ltr'>ea</span> 
     </span>
     <span class='ocr_line' id='line_1_10' title="bbox 184 1519 1254 1607; baseline -0.003 -23"><span class='ocrx_word' id='word_1_74' title='bbox 184 1535 231 1584; x_wconf 90' lang='lat' dir='ltr'>est</span> <span class='ocrx_word' id='word_1_75' title='bbox 248 1519 328 1606; x_wconf 91' lang='lat' dir='ltr'>igni;</span> <span class='ocrx_word' id='word_1_76' title='bbox 352 1540 484 1607; x_wconf 88' lang='lat' dir='ltr'>corpore</span> <span class='ocrx_word' id='word_1_77' title='bbox 508 1533 613 1584; x_wconf 89' lang='lat' dir='ltr'>autem</span> <span class='ocrx_word' id='word_1_78' title='bbox 637 1519 778 1605; x_wconf 91' lang='lat' dir='ltr'>ipsorum</span> <span class='ocrx_word' id='word_1_79' title='bbox 802 1534 960 1605; x_wconf 89' lang='lat' dir='ltr'>corrupt0,</span> <span class='ocrx_word' id='word_1_80' title='bbox 984 1534 1014 1584; x_wconf 92' lang='lat' dir='ltr'>et</span> <span class='ocrx_word' id='word_1_81' title='bbox 1029 1519 1134 1583; x_wconf 88' lang='lat' dir='ltr'>anima</span> <span class='ocrx_word' id='word_1_82' title='bbox 1151 1539 1254 1582; x_wconf 89' lang='lat' dir='ltr'>rema-</span> 
     </span>
     <span class='ocr_line' id='line_1_11' title="bbox 185 1619 1252 1712; baseline -0.004 -21"><span class='ocrx_word' id='word_1_83' title='bbox 185 1641 276 1691; x_wconf 91' lang='lat' dir='ltr'>nente</span> <span class='ocrx_word' id='word_1_84' title='bbox 300 1625 332 1690; x_wconf 92' lang='lat' dir='ltr'>in</span> <span class='ocrx_word' id='word_1_85' title='bbox 357 1622 533 1705; x_wconf 89' lang='lat' dir='ltr'>medietate,</span> <span class='ocrx_word' id='word_1_86' title='bbox 557 1623 635 1690; x_wconf 93' lang='lat' dir='ltr'>nihil</span> <span class='ocrx_word' id='word_1_87' title='bbox 659 1625 722 1690; x_wconf 89' lang='lat' dir='ltr'>iam</span> <span class='ocrx_word' id='word_1_88' title='bbox 748 1623 939 1712; x_wconf 92' lang='lat' dir='ltr'>relinquetur</span> <span class='ocrx_word' id='word_1_89' title='bbox 962 1647 1000 1689; x_wconf 85' lang='lat' dir='ltr'>ex</span> <span class='ocrx_word' id='word_1_90' title='bbox 1019 1623 1150 1689; x_wconf 90' lang='lat' dir='ltr'>homine</span> <span class='ocrx_word' id='word_1_91' title='bbox 1168 1619 1252 1709; x_wconf 92' lang='lat' dir='ltr'>quod</span> 
     </span>
     <span class='ocr_line' id='line_1_12' title="bbox 184 1729 1255 1811; baseline -0.003 -15"><span class='ocrx_word' id='word_1_92' title='bbox 184 1731 266 1797; x_wconf 86' lang='lat' dir='ltr'>intra.</span> <span class='ocrx_word' id='word_1_93' title='bbox 284 1731 430 1797; x_wconf 86' lang='lat' dir='ltr'>Pleroma</span> <span class='ocrx_word' id='word_1_94' title='bbox 449 1729 591 1797; x_wconf 58' lang='lat' dir='ltr'>certate)</span> <span class='ocrx_word' id='word_1_95' title='bbox 636 1731 753 1798; x_wconf 88' lang='lat' dir='ltr'>Sensus</span> <span class='ocrx_word' id='word_1_96' title='bbox 772 1731 857 1796; x_wconf 91' lang='lat' dir='ltr'>enim</span> <span class='ocrx_word' id='word_1_97' title='bbox 877 1729 1027 1811; x_wconf 72' lang='lat' dir='ltr'>hominiS,</span> <span class='ocrx_word' id='word_1_98' title='bbox 1047 1751 1138 1796; x_wconf 89' lang='lat' dir='ltr'>mens</span> <span class='ocrx_word' id='word_1_99' title='bbox 1154 1744 1185 1794; x_wconf 94' lang='lat' dir='ltr'>et</span> <span class='ocrx_word' id='word_1_100' title='bbox 1200 1750 1255 1794; x_wconf 92' lang='lat' dir='ltr'>co-</span> 
     </span>
     <span class='ocr_line' id='line_1_13' title="bbox 185 1835 1254 1926; baseline -0.001 -24"><span class='ocrx_word' id='word_1_101' title='bbox 185 1838 305 1924; x_wconf 89' lang='lat' dir='ltr'>gitati0,</span> <span class='ocrx_word' id='word_1_102' title='bbox 325 1854 355 1903; x_wconf 93' lang='lat' dir='ltr'>et</span> <span class='ocrx_word' id='word_1_103' title='bbox 379 1838 510 1904; x_wconf 90' lang='lat' dir='ltr'>intentio</span> <span class='ocrx_word' id='word_1_104' title='bbox 535 1839 659 1918; x_wconf 89' lang='lat' dir='ltr'>mentis,</span> <span class='ocrx_word' id='word_1_105' title='bbox 685 1856 715 1906; x_wconf 92' lang='lat' dir='ltr'>et</span> <span class='ocrx_word' id='word_1_106' title='bbox 731 1861 766 1904; x_wconf 90' lang='lat' dir='ltr'>ea</span> <span class='ocrx_word' id='word_1_107' title='bbox 782 1861 861 1926; x_wconf 91' lang='lat' dir='ltr'>quae</span> <span class='ocrx_word' id='word_1_108' title='bbox 877 1853 950 1903; x_wconf 90' lang='lat' dir='ltr'>sunt</span> <span class='ocrx_word' id='word_1_109' title='bbox 972 1835 1165 1917; x_wconf 90' lang='lat' dir='ltr'>huiusmodi,</span> <span class='ocrx_word' id='word_1_110' title='bbox 1189 1858 1254 1902; x_wconf 93' lang='lat' dir='ltr'>non</span> 
     </span>
     <span class='ocr_line' id='line_1_14' title="bbox 186 1941 1254 2032; baseline -0.002 -23"><span class='ocrx_word' id='word_1_111' title='bbox 186 1943 267 2010; x_wconf 87' lang='lat' dir='ltr'>aliud</span> <span class='ocrx_word' id='word_1_112' title='bbox 292 1941 366 2032; x_wconf 92' lang='lat' dir='ltr'>quid</span> <span class='ocrx_word' id='word_1_113' title='bbox 390 1961 511 2032; x_wconf 89' lang='lat' dir='ltr'>praeter</span> <span class='ocrx_word' id='word_1_114' title='bbox 534 1945 674 2011; x_wconf 87' lang='lat' dir='ltr'>animam</span> <span class='ocrx_word' id='word_1_115' title='bbox 698 1960 785 2024; x_wconf 90' lang='lat' dir='ltr'>sunt;</span> <span class='ocrx_word' id='word_1_116' title='bbox 809 1943 863 2010; x_wconf 93' lang='lat' dir='ltr'>sed</span> <span class='ocrx_word' id='word_1_117' title='bbox 880 1943 978 2030; x_wconf 90' lang='lat' dir='ltr'>ipsius</span> <span class='ocrx_word' id='word_1_118' title='bbox 994 1944 1116 2008; x_wconf 87' lang='lat' dir='ltr'>animae</span> <span class='ocrx_word' id='word_1_119' title='bbox 1136 1959 1254 2020; x_wconf 90' lang='lat' dir='ltr'>motus,</span> 
     </span>
     <span class='ocr_line' id='line_1_15' title="bbox 186 2048 1253 2136; baseline -0.001 -22"><span class='ocrx_word' id='word_1_120' title='bbox 186 2065 217 2114; x_wconf 89' lang='lat' dir='ltr'>et</span> <span class='ocrx_word' id='word_1_121' title='bbox 240 2051 448 2136; x_wconf 62' lang='lat' dir='ltr'>operationes</span> <span class='ocrx_word' id='word_1_122' title='bbox 479 2050 599 2117; x_wconf 88' lang='lat' dir='ltr'>nullam</span> <span class='ocrx_word' id='word_1_123' title='bbox 631 2052 698 2116; x_wconf 91' lang='lat' dir='ltr'>sine</span> <span class='ocrx_word' id='word_1_124' title='bbox 725 2051 828 2116; x_wconf 91' lang='lat' dir='ltr'>anima</span> <span class='ocrx_word' id='word_1_125' title='bbox 859 2049 1009 2116; x_wconf 83' lang='lat' dir='ltr'>habentes</span> <span class='ocrx_word' id='word_1_126' title='bbox 1039 2048 1253 2115; x_wconf 87' lang='lat' dir='ltr'>substantiam.</span> 
     </span>
     <span class='ocr_line' id='line_1_16' title="bbox 188 2154 1255 2246; baseline -0.001 -25"><span class='ocrx_word' id='word_1_127' title='bbox 188 2154 276 2237; x_wconf 89' lang='lat' dir='ltr'>Quid</span> <span class='ocrx_word' id='word_1_128' title='bbox 300 2179 376 2244; x_wconf 89' lang='lat' dir='ltr'>ergo</span> <span class='ocrx_word' id='word_1_129' title='bbox 399 2155 499 2223; x_wconf 88' lang='lat' dir='ltr'>adhuc</span> <span class='ocrx_word' id='word_1_130' title='bbox 524 2159 581 2223; x_wconf 92' lang='lat' dir='ltr'>erit</span> <span class='ocrx_word' id='word_1_131' title='bbox 600 2180 711 2224; x_wconf 92' lang='lat' dir='ltr'>eorum</span> <span class='ocrx_word' id='word_1_132' title='bbox 735 2155 819 2246; x_wconf 93' lang='lat' dir='ltr'>quod</span> <span class='ocrx_word' id='word_1_133' title='bbox 843 2155 980 2223; x_wconf 86' lang='lat' dir='ltr'>succedit</span> <span class='ocrx_word' id='word_1_134' title='bbox 1004 2156 1170 2222; x_wconf 88' lang='lat' dir='ltr'>Pleroma?</span> <span class='ocrx_word' id='word_1_135' title='bbox 1216 2154 1255 2220; x_wconf 90' lang='lat' dir='ltr'>Et</span> 
     </span>
     <span class='ocr_line' id='line_1_17' title="bbox 187 2262 1256 2352; baseline -0.002 -24"><span class='ocrx_word' id='word_1_136' title='bbox 187 2263 245 2351; x_wconf 92' lang='lat' dir='ltr'>ipsi</span> <span class='ocrx_word' id='word_1_137' title='bbox 269 2265 366 2344; x_wconf 90' lang='lat' dir='ltr'>enim,</span> <span class='ocrx_word' id='word_1_138' title='bbox 390 2265 423 2329; x_wconf 92' lang='lat' dir='ltr'>in</span> <span class='ocrx_word' id='word_1_139' title='bbox 447 2281 598 2351; x_wconf 92' lang='lat' dir='ltr'>quantum</span> <span class='ocrx_word' id='word_1_140' title='bbox 627 2263 755 2352; x_wconf 92' lang='lat' dir='ltr'>quidem</span> <span class='ocrx_word' id='word_1_141' title='bbox 786 2265 908 2330; x_wconf 89' lang='lat' dir='ltr'>animae</span> <span class='ocrx_word' id='word_1_142' title='bbox 932 2279 1014 2344; x_wconf 92' lang='lat' dir='ltr'>sunt,</span> <span class='ocrx_word' id='word_1_143' title='bbox 1038 2262 1256 2328; x_wconf 82' lang='lat' dir='ltr'>remanentia</span> 
     </span>
     <span class='ocr_line' id='line_1_18' title="bbox 189 2367 1255 2458; baseline -0.002 -24"><span class='ocrx_word' id='word_1_144' title='bbox 189 2368 371 2451; x_wconf 82' lang='lat' dir='ltr'>medietate3</span> <span class='ocrx_word' id='word_1_145' title='bbox 395 2371 426 2435; x_wconf 91' lang='lat' dir='ltr'>in</span> <span class='ocrx_word' id='word_1_146' title='bbox 450 2388 602 2458; x_wconf 90' lang='lat' dir='ltr'>quantum</span> <span class='ocrx_word' id='word_1_147' title='bbox 625 2387 730 2436; x_wconf 84' lang='lat' dir='ltr'>autem</span> <span class='ocrx_word' id='word_1_148' title='bbox 753 2393 879 2457; x_wconf 91' lang='lat' dir='ltr'>corpus,</span> <span class='ocrx_word' id='word_1_149' title='bbox 903 2393 975 2436; x_wconf 92' lang='lat' dir='ltr'>cum</span> <span class='ocrx_word' id='word_1_150' title='bbox 994 2368 1110 2456; x_wconf 91' lang='lat' dir='ltr'>reliqua</span> <span class='ocrx_word' id='word_1_151' title='bbox 1128 2367 1255 2434; x_wconf 92' lang='lat' dir='ltr'>materia</span> 
     </span>
     <span class='ocr_line' id='line_1_19' title="bbox 189 2473 349 2543; baseline 0 -1"><span class='ocrx_word' id='word_1_152' title='bbox 189 2473 349 2543; x_wconf 90' lang='lat' dir='ltr'>ardebunt.</span> 
     </span>
    </p>
   </div>
   <div class='ocr_carea' id='block_1_3' title="bbox 257 2687 1256 2779">
    <p class='ocr_par' dir='ltr' id='par_1_3' title="bbox 257 2687 1256 2779">
     <span class='ocr_line' id='line_1_20' title="bbox 257 2687 1256 2779; baseline -0.005 -24"><span class='ocrx_word' id='word_1_153' title='bbox 257 2689 336 2756; x_wconf 75' lang='lat' dir='ltr'>Can.</span> <span class='ocrx_word' id='word_1_154' title='bbox 353 2689 462 2755; x_wconf 87' lang='lat' dir='ltr'><strong>XXX.</strong></span> <span class='ocrx_word' id='word_1_155' title='bbox 521 2687 828 2779; x_wconf 84' lang='lat' dir='ltr'>[HW.XLVI,1].</span> <span class='ocrx_word' id='word_1_156' title='bbox 887 2688 1050 2769; x_wconf 79' lang='lat' dir='ltr'>Quounn</span> <span class='ocrx_word' id='word_1_157' title='bbox 1083 2707 1115 2752; x_wconf 83' lang='lat' dir='ltr'>ru</span> <span class='ocrx_word' id='word_1_158' title='bbox 1147 2705 1256 2750; x_wconf 75' lang='lat' dir='ltr'>nuato</span> 
     </span>
    </p>
   </div>
   <div class='ocr_carea' id='block_1_4' title="bbox 95 2794 1256 2864">
    <p class='ocr_par' dir='ltr' id='par_1_4' title="bbox 95 2794 1256 2864">
     <span class='ocr_line' id='line_1_21' title="bbox 95 2794 1256 2864; baseline -0.005 -2"><span class='ocrx_word' id='word_1_159' title='bbox 95 2845 99 2850; x_wconf 89' lang='lat'><em>·</em></span> <span class='ocrx_word' id='word_1_160' title='bbox 191 2816 310 2864; x_wconf 85' lang='lat' dir='ltr'>POTEST</span> <span class='ocrx_word' id='word_1_161' title='bbox 342 2815 493 2863; x_wconf 82' lang='lat' dir='ltr'><strong>INTERIOR</strong></span> <span class='ocrx_word' id='word_1_162' title='bbox 522 2816 666 2863; x_wconf 85' lang='lat' dir='ltr'>ILLORUM</span> <span class='ocrx_word' id='word_1_163' title='bbox 694 2814 788 2861; x_wconf 86' lang='lat' dir='ltr'>HOMO</span> <span class='ocrx_word' id='word_1_164' title='bbox 820 2815 1018 2862; x_wconf 85' lang='lat' dir='ltr'>SUPERGREDI</span> <span class='ocrx_word' id='word_1_165' title='bbox 1045 2794 1256 2859; x_wconf 74' lang='lat' dir='ltr'>Dnnluneon.</span> 
     </span>
    </p>
   </div>
   <div class='ocr_carea' id='block_1_5' title="bbox 190 2897 1260 3203">
    <p class='ocr_par' dir='ltr' id='par_1_5' title="bbox 190 2897 1260 3203">
     <span class='ocr_line' id='line_1_22' title="bbox 195 2897 1258 2990; baseline -0.004 -22"><span class='ocrx_word' id='word_1_166' title='bbox 195 2925 221 2968; x_wconf 91' lang='lat'>1.</span> <span class='ocrx_word' id='word_1_167' title='bbox 238 2903 277 2968; x_wconf 87' lang='lat' dir='ltr'>Et</span> <span class='ocrx_word' id='word_1_168' title='bbox 300 2902 349 2969; x_wconf 93' lang='lat' dir='ltr'>his</span> <span class='ocrx_word' id='word_1_169' title='bbox 372 2905 416 2970; x_wconf 89' lang='lat' dir='ltr'>sic</span> <span class='ocrx_word' id='word_1_170' title='bbox 439 2927 472 2970; x_wconf 92' lang='lat' dir='ltr'>se</span> <span class='ocrx_word' id='word_1_171' title='bbox 485 2902 680 2984; x_wconf 88' lang='lat' dir='ltr'>habentibus,</span> <span class='ocrx_word' id='word_1_172' title='bbox 695 2925 787 2990; x_wconf 89' lang='lat' dir='ltr'>super</span> <span class='ocrx_word' id='word_1_173' title='bbox 803 2903 1016 2990; x_wconf 84' lang='lat' dir='ltr'>Demiurgum</span> <span class='ocrx_word' id='word_1_174' title='bbox 1035 2924 1068 2967; x_wconf 93' lang='lat' dir='ltr'>se</span> <span class='ocrx_word' id='word_1_175' title='bbox 1091 2897 1258 2966; x_wconf 88' lang='lat' dir='ltr'>ascendere</span> 
     </span>
     <span class='ocr_line' id='line_1_23' title="bbox 190 3004 1259 3096; baseline -0.003 -23"><span class='ocrx_word' id='word_1_176' title='bbox 190 3004 297 3074; x_wconf 91' lang='lat' dir='ltr'>dicunt</span> <span class='ocrx_word' id='word_1_177' title='bbox 320 3009 484 3074; x_wconf 89' lang='lat' dir='ltr'>insensati:</span> <span class='ocrx_word' id='word_1_178' title='bbox 509 3025 538 3074; x_wconf 92' lang='lat' dir='ltr'>et</span> <span class='ocrx_word' id='word_1_179' title='bbox 562 3007 739 3074; x_wconf 88' lang='lat' dir='ltr'>secundum</span> <span class='ocrx_word' id='word_1_180' title='bbox 760 3007 819 3074; x_wconf 92' lang='lat' dir='ltr'>hoc</span> <span class='ocrx_word' id='word_1_181' title='bbox 842 3008 927 3096; x_wconf 91' lang='lat' dir='ltr'>quod</span> <span class='ocrx_word' id='word_1_182' title='bbox 951 3030 984 3072; x_wconf 91' lang='lat' dir='ltr'>se</span> <span class='ocrx_word' id='word_1_183' title='bbox 1013 3007 1159 3072; x_wconf 89' lang='lat' dir='ltr'>meliores</span> <span class='ocrx_word' id='word_1_184' title='bbox 1186 3027 1259 3093; x_wconf 89' lang='lat' dir='ltr'>pro-</span> 
     </span>
     <span class='ocr_line' id='line_1_24' title="bbox 192 3112 1260 3203; baseline -0.002 -25"><span class='ocrx_word' id='word_1_185' title='bbox 192 3116 335 3182; x_wconf 90' lang='lat' dir='ltr'>nuntiant</span> <span class='ocrx_word' id='word_1_186' title='bbox 356 3114 410 3181; x_wconf 92' lang='lat' dir='ltr'>illo</span> <span class='ocrx_word' id='word_1_187' title='bbox 434 3117 504 3182; x_wconf 92' lang='lat' dir='ltr'>Deo</span> <span class='ocrx_word' id='word_1_188' title='bbox 523 3116 575 3203; x_wconf 92' lang='lat' dir='ltr'>qui</span> <span class='ocrx_word' id='word_1_189' title='bbox 599 3112 712 3195; x_wconf 84' lang='lat' dir='ltr'>caelos,</span> <span class='ocrx_word' id='word_1_190' title='bbox 736 3131 767 3180; x_wconf 93' lang='lat' dir='ltr'>et</span> <span class='ocrx_word' id='word_1_191' title='bbox 789 3130 915 3194; x_wconf 88' lang='lat' dir='ltr'>terram,</span> <span class='ocrx_word' id='word_1_192' title='bbox 932 3128 962 3178; x_wconf 93' lang='lat' dir='ltr'>et</span> <span class='ocrx_word' id='word_1_193' title='bbox 981 3113 1089 3192; x_wconf 86' lang='lat' dir='ltr'>maria,</span> <span class='ocrx_word' id='word_1_194' title='bbox 1104 3128 1135 3177; x_wconf 89' lang='lat' dir='ltr'>et</span> <span class='ocrx_word' id='word_1_195' title='bbox 1151 3113 1260 3178; x_wconf 91' lang='lat' dir='ltr'>omnia</span> 
     </span>
    </p>
   </div>
   <div class='ocr_carea' id='block_1_6' title="bbox 194 3350 1262 4258">
    <p class='ocr_par' dir='ltr' id='par_1_6' title="bbox 194 3350 1262 4258">
     <span class='ocr_line' id='line_1_25' title="bbox 229 3350 1260 3427; baseline -0.01 -16"><span class='ocrx_word' id='word_1_196' title='bbox 229 3360 270 3424; x_wconf 89' lang='lat' dir='ltr'>(r)</span> <span class='ocrx_word' id='word_1_197' title='bbox 301 3355 422 3410; x_wconf 88' lang='lat' dir='ltr'>Gnostici</span> <span class='ocrx_word' id='word_1_198' title='bbox 455 3357 510 3427; x_wconf 87' lang='lat' dir='ltr'>igni</span> <span class='ocrx_word' id='word_1_199' title='bbox 542 3355 697 3409; x_wconf 85' lang='lat' dir='ltr'>addicebant</span> <span class='ocrx_word' id='word_1_200' title='bbox 788 3355 830 3421; x_wconf 89' lang='lat'>(2)</span> <span class='ocrx_word' id='word_1_201' title='bbox 849 3351 962 3406; x_wconf 91' lang='lat' dir='ltr'>Videtur</span> <span class='ocrx_word' id='word_1_202' title='bbox 988 3352 1031 3404; x_wconf 90' lang='lat' dir='ltr'>hic</span> <span class='ocrx_word' id='word_1_203' title='bbox 1059 3350 1127 3403; x_wconf 90' lang='lat' dir='ltr'>Iren.</span> <span class='ocrx_word' id='word_1_204' title='bbox 1156 3359 1260 3420; x_wconf 89' lang='lat' dir='ltr'>praeter</span> 
     </span>
     <span class='ocr_line' id='line_1_26' title="bbox 194 3435 1259 3513; baseline -0.007 -20"><span class='ocrx_word' id='word_1_205' title='bbox 194 3459 297 3512; x_wconf 90' lang='lat' dir='ltr'>quoque</span> <span class='ocrx_word' id='word_1_206' title='bbox 332 3441 457 3513; x_wconf 76' lang='lat' dir='ltr'>spiritalia</span> <span class='ocrx_word' id='word_1_207' title='bbox 490 3441 618 3504; x_wconf 88' lang='lat' dir='ltr'>malitiae,</span> <span class='ocrx_word' id='word_1_208' title='bbox 653 3439 698 3492; x_wconf 85' lang='lat' dir='ltr'>sed</span> <span class='ocrx_word' id='word_1_209' title='bbox 752 3439 870 3492; x_wconf 88' lang='lat' dir='ltr'>animam</span> <span class='ocrx_word' id='word_1_210' title='bbox 890 3449 916 3490; x_wconf 88' lang='lat' dir='ltr'>et</span> <span class='ocrx_word' id='word_1_211' title='bbox 935 3453 1029 3507; x_wconf 89' lang='lat' dir='ltr'>corpus</span> <span class='ocrx_word' id='word_1_212' title='bbox 1042 3436 1080 3488; x_wconf 93' lang='lat' dir='ltr'>nil</span> <span class='ocrx_word' id='word_1_213' title='bbox 1094 3435 1164 3487; x_wconf 91' lang='lat' dir='ltr'>aliud</span> <span class='ocrx_word' id='word_1_214' title='bbox 1177 3451 1259 3504; x_wconf 88' lang='lat' dir='ltr'>agno-</span> 
     </span>
     <span class='ocr_line' id='line_1_27' title="bbox 194 3515 1259 3598; baseline -0.011 -19"><span class='ocrx_word' id='word_1_215' title='bbox 194 3527 263 3580; x_wconf 90' lang='lat' dir='ltr'>hunc</span> <span class='ocrx_word' id='word_1_216' title='bbox 282 3527 371 3598; x_wconf 88' lang='lat' dir='ltr'>ignem</span> <span class='ocrx_word' id='word_1_217' title='bbox 391 3527 424 3580; x_wconf 88' lang='lat' dir='ltr'>ab</span> <span class='ocrx_word' id='word_1_218' title='bbox 439 3543 471 3580; x_wconf 89' lang='lat' dir='ltr'>eo</span> <span class='ocrx_word' id='word_1_219' title='bbox 486 3525 531 3596; x_wconf 91' lang='lat' dir='ltr'>qui</span> <span class='ocrx_word' id='word_1_220' title='bbox 547 3524 699 3594; x_wconf 73' lang='lat' dir='ltr'>«reliquam</span> <span class='ocrx_word' id='word_1_221' title='bbox 753 3537 825 3574; x_wconf 91' lang='lat' dir='ltr'>scere</span> <span class='ocrx_word' id='word_1_222' title='bbox 849 3521 876 3573; x_wconf 91' lang='lat' dir='ltr'>in</span> <span class='ocrx_word' id='word_1_223' title='bbox 901 3519 1026 3573; x_wconf 91' lang='lat' dir='ltr'>homine:</span> <span class='ocrx_word' id='word_1_224' title='bbox 1051 3519 1098 3571; x_wconf 91' lang='lat' dir='ltr'>sed</span> <span class='ocrx_word' id='word_1_225' title='bbox 1119 3517 1184 3570; x_wconf 49' lang='lat' dir='ltr'>iam*</span> <span class='ocrx_word' id='word_1_226' title='bbox 1197 3515 1259 3568; x_wconf 87' lang='lat' dir='ltr'>alibi</span> 
     </span>
     <span class='ocr_line' id='line_1_28' title="bbox 198 3600 1259 3673; baseline -0.009 -13"><span class='ocrx_word' id='word_1_227' title='bbox 198 3611 385 3663; x_wconf 79' lang='lat' dir='ltr'>«materiam»</span> <span class='ocrx_word' id='word_1_228' title='bbox 406 3620 545 3663; x_wconf 90' lang='lat' dir='ltr'>consumet</span> <span class='ocrx_word' id='word_1_229' title='bbox 565 3608 700 3660; x_wconf 89' lang='lat' dir='ltr'>diversum</span> <span class='ocrx_word' id='word_1_230' title='bbox 751 3604 868 3656; x_wconf 84' lang='lat' dir='ltr'>uidimus</span> <span class='ocrx_word' id='word_1_231' title='bbox 887 3615 1021 3673; x_wconf 86' lang='lat' dir='ltr'>praeterea</span> <span class='ocrx_word' id='word_1_232' title='bbox 1040 3602 1073 3654; x_wconf 91' lang='lat' dir='ltr'>ab</span> <span class='ocrx_word' id='word_1_233' title='bbox 1091 3617 1124 3652; x_wconf 90' lang='lat' dir='ltr'>eo</span> <span class='ocrx_word' id='word_1_234' title='bbox 1142 3600 1259 3670; x_wconf 76' lang='lat' dir='ltr'>spirltum</span> 
     </span>
     <span class='ocr_line' id='line_1_29' title="bbox 196 3681 1259 3757; baseline -0.014 -9"><span class='ocrx_word' id='word_1_235' title='bbox 196 3694 335 3748; x_wconf 85' lang='lat' dir='ltr'>iaciebant.</span> <span class='ocrx_word' id='word_1_236' title='bbox 371 3693 425 3746; x_wconf 89' lang='lat' dir='ltr'>Clr.</span> <span class='ocrx_word' id='word_1_237' title='bbox 450 3692 513 3745; x_wconf 83' lang='lat' dir='ltr'>Exc.</span> <span class='ocrx_word' id='word_1_238' title='bbox 542 3690 632 3744; x_wconf 73' lang='lat' dir='ltr'>llaeod.</span> <span class='ocrx_word' id='word_1_239' title='bbox 657 3689 700 3742; x_wconf 88' lang='lat'>81:</span> <span class='ocrx_word' id='word_1_240' title='bbox 753 3687 878 3757; x_wconf 87' lang='lat' dir='ltr'>distingui</span> <span class='ocrx_word' id='word_1_241' title='bbox 895 3697 921 3738; x_wconf 91' lang='lat' dir='ltr'>et</span> <span class='ocrx_word' id='word_1_242' title='bbox 934 3685 960 3738; x_wconf 91' lang='lat' dir='ltr'>id</span> <span class='ocrx_word' id='word_1_243' title='bbox 974 3700 1077 3756; x_wconf 89' lang='lat' dir='ltr'>quoque</span> <span class='ocrx_word' id='word_1_244' title='bbox 1093 3699 1126 3736; x_wconf 86' lang='lat' dir='ltr'>ex</span> <span class='ocrx_word' id='word_1_245' title='bbox 1138 3699 1202 3735; x_wconf 87' lang='lat' dir='ltr'>mox</span> <span class='ocrx_word' id='word_1_246' title='bbox 1215 3681 1259 3734; x_wconf 90' lang='lat' dir='ltr'>cit.</span> 
     </span>
     <span class='ocr_line' id='line_1_30' title="bbox 199 3763 1260 3850; baseline -0.011 -22"><span class='ocrx_word' id='word_1_247' title='bbox 199 3778 293 3850; x_wconf 88' lang='lat' dir='ltr'>«Ignis</span> <span class='ocrx_word' id='word_1_248' title='bbox 304 3778 421 3848; x_wconf 86' lang='lat' dir='ltr'>veroqui</span> <span class='ocrx_word' id='word_1_249' title='bbox 435 3776 578 3848; x_wconf 89' lang='lat' dir='ltr'>corporalis</span> <span class='ocrx_word' id='word_1_250' title='bbox 591 3787 630 3828; x_wconf 88' lang='lat' dir='ltr'>est</span> <span class='ocrx_word' id='word_1_251' title='bbox 643 3791 700 3827; x_wconf 91' lang='lat' dir='ltr'>cor·</span> <span class='ocrx_word' id='word_1_252' title='bbox 753 3789 775 3824; x_wconf 86' lang='lat' dir='ltr'>c.</span> <span class='ocrx_word' id='word_1_253' title='bbox 795 3785 835 3822; x_wconf 76' lang='lat' dir='ltr'>vn</span> <span class='ocrx_word' id='word_1_254' title='bbox 853 3771 899 3823; x_wconf 89' lang='lat' dir='ltr'>lib.</span> <span class='ocrx_word' id='word_1_255' title='bbox 915 3768 939 3820; x_wconf 95' lang='lat' dir='ltr'>V</span> <span class='ocrx_word' id='word_1_256' title='bbox 952 3781 978 3822; x_wconf 88' lang='lat' dir='ltr'>et</span> <span class='ocrx_word' id='word_1_257' title='bbox 997 3769 1079 3822; x_wconf 88' lang='lat' dir='ltr'>etiam</span> <span class='ocrx_word' id='word_1_258' title='bbox 1094 3765 1174 3836; x_wconf 89' lang='lat' dir='ltr'>paulo</span> <span class='ocrx_word' id='word_1_259' title='bbox 1192 3763 1260 3817; x_wconf 83' lang='lat' dir='ltr'>infra</span> 
     </span>
     <span class='ocr_line' id='line_1_31' title="bbox 200 3849 1260 3934; baseline -0.012 -20"><span class='ocrx_word' id='word_1_260' title='bbox 200 3879 286 3934; x_wconf 75' lang='lat' dir='ltr'>epora</span> <span class='ocrx_word' id='word_1_261' title='bbox 299 3863 389 3916; x_wconf 87' lang='lat' dir='ltr'>omnia</span> <span class='ocrx_word' id='word_1_262' title='bbox 402 3862 549 3926; x_wconf 88' lang='lat' dir='ltr'>comburet,</span> <span class='ocrx_word' id='word_1_263' title='bbox 564 3859 607 3930; x_wconf 92' lang='lat' dir='ltr'>qui</span> <span class='ocrx_word' id='word_1_264' title='bbox 620 3875 701 3928; x_wconf 89' lang='lat' dir='ltr'>purus</span> <span class='ocrx_word' id='word_1_265' title='bbox 754 3867 935 3920; x_wconf 79' lang='lat' dir='ltr'>c.xxx1n,5</span> <span class='ocrx_word' id='word_1_266' title='bbox 966 3852 1101 3922; x_wconf 89' lang='lat' dir='ltr'>repetitur.</span> <span class='ocrx_word' id='word_1_267' title='bbox 1138 3849 1260 3902; x_wconf 76' lang='lat' dir='ltr'>fortasse</span> 
     </span>
     <span class='ocr_line' id='line_1_32' title="bbox 200 3934 1260 4017; baseline -0.012 -19"><span class='ocrx_word' id='word_1_268' title='bbox 200 3959 248 4000; x_wconf 84' lang='lat' dir='ltr'>«et</span> <span class='ocrx_word' id='word_1_269' title='bbox 269 3948 438 4017; x_wconf 90' lang='lat' dir='ltr'>incorporeus</span> <span class='ocrx_word' id='word_1_270' title='bbox 454 3956 493 3998; x_wconf 90' lang='lat' dir='ltr'>est</span> <span class='ocrx_word' id='word_1_271' title='bbox 508 3944 599 3996; x_wconf 88' lang='lat' dir='ltr'>omnia</span> <span class='ocrx_word' id='word_1_272' title='bbox 615 3942 701 3995; x_wconf 89' lang='lat' dir='ltr'>incor·</span> <span class='ocrx_word' id='word_1_273' title='bbox 753 3940 835 4011; x_wconf 86' lang='lat' dir='ltr'>igitur</span> <span class='ocrx_word' id='word_1_274' title='bbox 853 3939 974 4009; x_wconf 89' lang='lat' dir='ltr'>spiritum</span> <span class='ocrx_word' id='word_1_275' title='bbox 992 3935 1128 3989; x_wconf 89' lang='lat' dir='ltr'>Gnosticis</span> <span class='ocrx_word' id='word_1_276' title='bbox 1148 3934 1260 4003; x_wconf 88' lang='lat' dir='ltr'>denegat</span> 
     </span>
     <span class='ocr_line' id='line_1_33' title="bbox 200 4021 1261 4102; baseline -0.013 -20"><span class='ocrx_word' id='word_1_277' title='bbox 200 4048 303 4102; x_wconf 73' lang='lat' dir='ltr'>«porea</span> <span class='ocrx_word' id='word_1_278' title='bbox 313 4031 449 4084; x_wconf 90' lang='lat' dir='ltr'>comburet</span> <span class='ocrx_word' id='word_1_279' title='bbox 461 4040 538 4099; x_wconf 85' lang='lat' dir='ltr'>prout</span> <span class='ocrx_word' id='word_1_280' title='bbox 549 4027 702 4089; x_wconf 86' lang='lat' dir='ltr'>daemones,</span> <span class='ocrx_word' id='word_1_281' title='bbox 757 4043 772 4074; x_wconf 82' lang='lat' dir='ltr'>u</span> <span class='ocrx_word' id='word_1_282' title='bbox 781 4041 862 4094; x_wconf 91' lang='lat' dir='ltr'>quum</span> <span class='ocrx_word' id='word_1_283' title='bbox 881 4023 934 4076; x_wconf 90' lang='lat' dir='ltr'>sint</span> <span class='ocrx_word' id='word_1_284' title='bbox 949 4021 1067 4073; x_wconf 84' lang='lat' dir='ltr'>carnales</span> <span class='ocrx_word' id='word_1_285' title='bbox 1082 4029 1190 4089; x_wconf 87' lang='lat' dir='ltr'>propter</span> <span class='ocrx_word' id='word_1_286' title='bbox 1202 4029 1261 4070; x_wconf 87' lang='lat' dir='ltr'>tan-</span> 
     </span>
     <span class='ocr_line' id='line_1_34' title="bbox 200 4104 1262 4188; baseline -0.013 -22"><span class='ocrx_word' id='word_1_287' title='bbox 200 4115 332 4188; x_wconf 71' lang='lat' dir='ltr'>«angelos</span> <span class='ocrx_word' id='word_1_288' title='bbox 356 4114 474 4168; x_wconf 87' lang='lat' dir='ltr'>malitiae</span> <span class='ocrx_word' id='word_1_289' title='bbox 493 4124 518 4166; x_wconf 90' lang='lat' dir='ltr'>et</span> <span class='ocrx_word' id='word_1_290' title='bbox 538 4111 623 4182; x_wconf 89' lang='lat' dir='ltr'>ipsum</span> <span class='ocrx_word' id='word_1_291' title='bbox 647 4111 702 4164; x_wconf 87' lang='lat' dir='ltr'>dia·</span> <span class='ocrx_word' id='word_1_292' title='bbox 759 4119 837 4160; x_wconf 88' lang='lat' dir='ltr'>«tam</span> <span class='ocrx_word' id='word_1_293' title='bbox 862 4123 937 4159; x_wconf 88' lang='lat' dir='ltr'>suam</span> <span class='ocrx_word' id='word_1_294' title='bbox 965 4104 1166 4173; x_wconf 76' lang='lat' dir='ltr'>impietatem»,</span> <span class='ocrx_word' id='word_1_295' title='bbox 1185 4111 1262 4171; x_wconf 88' lang='lat' dir='ltr'>prout</span> 
     </span>
     <span class='ocr_line' id='line_1_35' title="bbox 200 4187 1206 4258; baseline -0.014 -7"><span class='ocrx_word' id='word_1_296' title='bbox 200 4202 349 4255; x_wconf 74' lang='lat' dir='ltr'>«bolum».</span> <span class='ocrx_word' id='word_1_297' title='bbox 756 4193 923 4246; x_wconf 90' lang='lat' dir='ltr'>continenter</span> <span class='ocrx_word' id='word_1_298' title='bbox 942 4187 1058 4242; x_wconf 89' lang='lat' dir='ltr'>ostendit</span> <span class='ocrx_word' id='word_1_299' title='bbox 1077 4204 1134 4258; x_wconf 86' lang='lat' dir='ltr'>cap.</span> <span class='ocrx_word' id='word_1_300' title='bbox 1153 4203 1206 4256; x_wconf 88' lang='lat' dir='ltr'>seq.</span> 
     </span>
    </p>
   </div>
   <div class='ocr_carea' id='block_1_7' title="bbox 0 0 1646 5090">
    <p class='ocr_par' dir='ltr' id='par_1_7' title="bbox 0 0 1646 5090">
     <span class='ocr_line' id='line_1_36' title="bbox 0 0 1646 5090; baseline 0 0"><span class='ocrx_word' id='word_1_301' title='bbox 0 0 1646 5090; x_wconf 95' lang='lat' dir='ltr'> </span> 
     </span>
    </p>
   </div>
  </div>
 </body>
</html>
