3274 5100
214 469 273 536 (tx,
294 468 376 539 1-3t.]
612 473 701 520 erese
724 473 888 520 sncuxnus
1218 474 1278 540 333

217 666 385 733 «millium
417 669 593 734 ministrare
616 670 642 734 ei
656 669 729 750 »,(¹l
753 685 782 735 et
806 669 980 736 secundum
1005 692 1071 749 eos,
1095 669 1283 736 Pleromatis

215 774 315 860 angeli
339 774 467 860 angelos
495 773 620 841 factoris
647 777 801 864 imagines
832 775 999 858 habebunt,
1023 793 1053 842 et
1077 793 1183 842 manet
1206 799 1284 843 con·

215 880 293 947 ditio
318 881 438 968 integra
461 881 492 945 in
516 879 653 968 imagine
670 881 866 962 PleromatiS,
886 883 949 948 iam
977 904 1041 947 non
1065 883 1285 968 consequenti-

216 985 273 1052 bus
291 1007 356 1052 xxx
373 985 535 1053 Aeonibus
555 988 587 1052 in
604 986 832 1054 multiformem
850 987 1040 1055 conditionis
1056 988 1284 1054 varietatemf²l

287 1115 314 1179 3.
339 1093 442 1183 [WH.
467 1093 522 1174 VI,
541 1093 586 1184 3].
633 1093 746 1161 Adhuc
765 1094 870 1176 etiam,
890 1097 916 1161 si
940 1093 1113 1161 secundum
1138 1093 1284 1161 similitu·

216 1200 322 1268 dinem
348 1200 422 1266 haec
446 1200 573 1266 illorum
598 1199 677 1266 facta
696 1217 778 1281 sunt,
795 1201 846 1267 illa
866 1223 973 1266 rursus
989 1198 1027 1266 ad
1043 1221 1179 1288 quorum
1196 1202 1284 1266 simi-

217 1308 381 1374 litudinem
406 1323 496 1373 erunt
521 1306 621 1373 facta?
666 1307 698 1373 Si
727 1309 812 1373 enim
843 1308 954 1374 mundi
983 1305 1148 1374 fabricator
1174 1329 1239 1372 non
1267 1331 1283 1373 a

217 1416 389 1502 semetipso
412 1413 484 1481 fecit
507 1414 593 1494 haec,
617 1412 672 1481 sed
695 1412 963 1502 quemadmodum
988 1414 1104 1480 nullius
1128 1415 1284 1480 momenti

217 1519 338 1600 artifex,
353 1538 383 1587 et
399 1522 486 1609 quasi
510 1523 648 1609 primurn
672 1520 796 1587 discens
815 1544 901 1609 puer,
918 1521 957 1588 de
976 1521 1085 1588 alienis
1109 1520 1284 1609 archetypis

216 1627 383 1707 transtulit,
395 1627 515 1714 Bythos
528 1629 669 1714 ipsorum
681 1627 763 1694 unde
771 1626 878 1693 habuit
888 1629 1024 1715 speciem
1037 1628 1104 1693 eius
1116 1649 1210 1714 quam
1223 1629 1286 1715 pri-

217 1759 307 1801 mum
331 1735 437 1800 emisit
452 1734 732 1822 dispositionistut
778 1733 984 1821 Consequens
1003 1751 1051 1800 est
1070 1736 1175 1822 igitur,
1196 1733 1286 1800 illum
1360 1763 1362 1770 ’

218 1840 255 1907 ab
275 1840 373 1907 altero
391 1840 540 1931 quodam,
556 1843 609 1929 qui
630 1863 722 1929 super
740 1864 814 1907 eum
838 1857 895 1923 est,
915 1841 1096 1930 exemplum
1119 1841 1286 1928 accepisse,

218 1965 248 2014 et
272 1949 360 2014 illum
392 1971 500 2013 rursus
523 1947 560 2014 ab
585 1948 693 2014 altero.
747 1948 785 2013 Et
809 1948 1014 2014 nihilominus
1038 1949 1070 2014 in
1092 1949 1285 2014 immensum

218 2055 337 2121 excidet
364 2055 402 2122 de
435 2053 624 2142 imaginibus
654 2077 778 2121 sermo:
809 2053 1078 2143 quemadmodum
1102 2071 1132 2120 et
1155 2053 1193 2120 de
1215 2053 1286 2136 diis,

219 2164 243 2228 si
267 2185 332 2229 non
355 2161 516 2228 fixerimus
548 2185 676 2228 sensum
700 2164 732 2228 in
756 2184 855 2227 unum
888 2160 1049 2242 artificem,
1074 2178 1104 2228 et
1127 2163 1159 2226 in
1186 2183 1285 2225 unum

254 2353 297 2418 (1)
317 2351 390 2402 sz.
412 2349 470 2414 Vll,
490 2365 529 2403 ιο.
548 2382 582 2388 -
602 2349 631 2402 In
651 2349 723 2402 Lxx

220 2447 307 2488 autem
328 2447 353 2487 et
374 2436 400 2487 in
419 2435 492 2488 hebr.
512 2436 617 2488 inverso
632 2435 725 2487 ordine

220 2519 330 2572 habetur
351 2519 435 2587 χίλιαι
456 2523 576 2588 χιλιάδες
595 2523 725 2585 ἐλειτούρ-

219 2619 309 2671 γουσιν
318 2607 390 2671 αὐτῷ
400 2609 446 2656 καί
452 2608 538 2674 μύριαι
545 2609 668 2675 μυριάδες
676 2621 724 2656 rra·

221 2692 392 2754 ριστήκεισαν
406 2691 485 2755 αὐτῷ.
525 2687 623 2742 Verum
639 2689 726 2741 omni-

220 2789 255 2824 no
274 2774 367 2826 eadem
386 2774 488 2826 ratione
507 2790 557 2844 qua
574 2774 641 2826 lren.
661 2774 727 2826 haec

220 2856 299 2908 verba
310 2855 384 2909 affert
394 2857 479 2910 Ctesi.
492 2859 588 2910 Cariat.
603 2872 643 2924 34,
653 2874 727 2926 prae-

221 2952 261 2993 ter
278 2939 396 2994 Nxssxx.
416 2941 504 3010 (Hom.
521 2943 536 2994 8
556 2944 582 2994 in
602 2941 681 3008 Eccl.)
701 2953 727 2995 et

220 3024 331 3078 Ctxttt.
363 3027 451 3080 Annx.
484 3025 561 3098 (Exp.
582 3029 607 3079 ιἰι
625 3027 725 3096 syrah).

222 3107 276 3162 Cfr.
296 3109 375 3178 Apoc.
397 3108 430 3174 V,
455 3126 483 3163 ιι
504 3127 589 3180 graec.

257 3193 300 3261 (2)
313 3193 404 3247 Nudus
417 3195 459 3248 hic
475 3194 598 3248 facillime
611 3196 729 3248 solvetur

223 3277 243 3328 si
271 3289 372 3331 attente
400 3295 440 3331 res
469 3279 653 3348 perpendatur.
698 3279 728 3331 ln

223 3361 373 3416 Pleromate
388 3363 468 3415 habes
484 3363 636 3415 innumeras
649 3380 729 3434 ange·

223 3445 309 3498 lorum
338 3447 519 3499 multitudines
549 3459 651 3517 praeter
670 3460 728 3500 xxx

224 3531 344 3584 Aeones:
372 3531 442 3594 hinc,
466 3531 487 3583 si
514 3549 568 3584 non
596 3530 728 3584 sufficiunt

223 3618 330 3667 Aeones
346 3621 487 3686 (reponent
506 3615 650 3682 Gnostici),
668 3626 729 3667 sunt

225 3700 252 3752 hi
271 3701 358 3770 angeli
378 3701 405 3752 in
428 3701 585 3770 archetypos
609 3700 730 3752 innume-

226 3802 312 3837 rarum
323 3797 470 3838 creatarum
485 3801 581 3836 rerum.
619 3785 654 3836 At
668 3801 730 3836 con·

227 3881 268 3922 tra
288 3869 368 3922 lren.:
387 3871 551 3939 neutiquam,
563 3869 623 3940 quia
638 3869 665 3922 in
680 3869 730 3920 hac

225 3954 377 4026 hypothesi,
392 3955 521 4025 primum:
538 3954 624 4024 angeli
638 3965 730 4006 contra

226 4040 343 4108 angelos,
365 4057 389 4092 v.
416 4057 441 4110 g.
466 4040 531 4092 sicut
559 4038 613 4106 lupi
638 4051 730 4092 contra

226 4140 318 4192 agnos,
329 4123 475 4193 fingentur;
485 4136 629 4193 praeterea,
639 4123 672 4175 ad
682 4123 731 4174 hos

225 4210 332 4276 angelos
349 4209 507 4278 respondere
523 4219 631 4278 possunt
648 4208 681 4259 ob
697 4207 730 4258 si·

778 2349 956 2402 militudinem
972 2350 1127 2402 innumerae
1139 2347 1286 2416 multitudi-

779 2451 825 2487 nes
855 2435 1009 2502 angelorum
1037 2449 1104 2502 quae
1130 2432 1287 2485 testantibus

779 2519 913 2589 prophetis
926 2530 986 2571 sunt
999 2534 1062 2586 erga
1075 2517 1223 2581 Factorem,
1233 2516 1249 2568 i.
1264 2533 1286 2568 e.

781 2604 824 2673 [ex
835 2615 921 2655 vestra
931 2601 1085 2673 hypothesi]
1093 2617 1155 2670 erga
1165 2600 1287 2654 Demiur-

780 2705 852 2758 gum.
895 2686 972 2739 Tunc
991 2703 1055 2739 vero
1075 2697 1166 2738 manet
1185 2684 1287 2752 integra

780 2771 929 2836 difficultas,
939 2770 999 2842 quia
1010 2770 1059 2822 hac
1071 2769 1171 2821 ratione
1181 2784 1288 2838 praeoc-

780 2856 882 2924 cupatis
895 2886 912 2896 -
925 2855 946 2906 si
965 2853 1001 2906 ita
1017 2853 1089 2923 loqui
1106 2851 1143 2904 fas
1159 2864 1198 2905 cst
1212 2880 1227 2891 -
1243 2869 1287 2903 an·

780 2940 845 3010 gelis
866 2938 1031 3002 Pleromatis,
1047 2955 1100 2990 non
1115 2949 1224 2990 manent
1238 2936 1287 2988 nisi

782 3039 841 3078 xxx
860 3025 966 3078 Aeones
985 3025 1013 3076 in
1032 3023 1191 3094 archetypos
1213 3022 1289 3074 innu-

781 3126 915 3163 merarum
935 3125 964 3161 ac
983 3119 1040 3161 tam
1058 3106 1226 3160 dissimilium
1249 3121 1289 3158 re-

783 3211 840 3247 runt
857 3205 1012 3247 creatarum.
1374 3256 1380 3268 .

818 3279 860 3347 (3)
880 3276 933 3330 Cfr.
949 3276 969 3340 l,
985 3291 1003 3338 1,
1026 3291 1048 3328 1.
1087 3273 1163 3344 Vaga
1175 3273 1247 3326 enim
1263 3286 1288 3325 et

782 3364 854 3416 nulla
865 3361 947 3415 solida
958 3359 1061 3414 ratione
1071 3357 1176 3410 suffulta
1187 3357 1289 3428 phrasis

783 3448 827 3500 illa
840 3463 890 3517 qua
904 3445 1010 3498 dicunt:
1029 3443 1084 3496 «Et
1097 3442 1232 3512 aliquando
1243 3459 1289 3494 ro·

787 3531 889 3584 aluisse
903 3530 1025 3583 emittere
1040 3529 1110 3580 hunc
1126 3527 1242 3598 Bythum
1253 3566 1289 3579 ...

787 3617 916 3670 «initium
935 3613 1055 3668 omnium
1072 3625 1097 3666 et
1111 3613 1183 3665 velut
1198 3627 1290 3664 semen

787 3721 800 3751 ι
811 3701 987 3772 prolationem
998 3699 1066 3752 hanc
1075 3697 1238 3767 deposuisse.
1247 3736 1265 3748 ..
1274 3717 1287 3744 n

784 3784 838 3837 Cfr.
862 3783 930 3837 infra
958 3781 1036 3834 XVI:
1064 3779 1114 3832 «si
1142 3791 1232 3832 autem
1261 3779 1291 3830 li-

788 3889 801 3918 a
811 3868 864 3921 cuit
892 3867 981 3939 Bytho
1000 3882 1014 3918 a
1036 3863 1179 3933 semetipso
1209 3862 1292 3915 talem

788 3952 997 4024 «figurationem
1025 3948 1183 4002 Pleromatis
1214 3945 1292 4017 perfi-

788 4057 801 4086 a
811 4053 879 4101 cere,
901 4034 963 4106 quid
988 4034 1077 4103 utique
1098 4031 1217 4084 Domino
1237 4047 1292 4082 non

788 4141 801 4171 ιι
811 4121 884 4174 licuit
908 4137 922 4172 a
942 4119 1084 4186 semetipso
1103 4115 1232 4168 mundum
1252 4127 1291 4167 ta-

789 4225 802 4254 «
811 4205 865 4257 lem
885 4203 993 4256 fecisse?
1004 4221 1017 4250 n
