3288 5060
188 451 276 519 (vul,
301 449 421 520 15-16).]
615 450 705 496 uum
729 449 842 497 antuus
1195 449 1257 516 207

189 645 316 736 quidem
337 661 481 734 quatuor,
501 644 657 711 elementa
679 661 785 712 autem
806 645 948 732 triginta:
968 660 998 710 et
1022 645 1167 710 omnium
1191 644 1260 712 Do·

192 755 315 820 minum
339 754 393 842 qui
416 750 555 818 firmavit
577 751 725 832 caelos,<¹)
743 752 774 816 in
799 771 1029 818 occcuxxxvm
1052 748 1258 818 deducentem

190 883 353 942 numeros,
380 858 525 925 similiter
547 874 639 946 atque
662 857 874 944 alphabetum:
899 872 929 922 et
953 858 1055 945 ipsum
1075 858 1128 946 qui
1152 858 1259 923 omnia

192 969 274 1055 capit
297 967 470 1047 Patrem,a
492 964 581 1030 nullo
605 981 709 1030 autem
733 966 862 1052 capitur,
886 965 918 1029 in
941 964 1210 1051 quaternationem
1230 981 1259 1029 et

192 1073 427 1141 octonationem
456 1071 501 1163 [et
522 1069 685 1161 decadem]
710 1087 739 1136 et
762 1069 976 1137 duodecadem
1003 1068 1259 1158 subpartientem,

193 1197 224 1248 et
246 1201 302 1269 per
324 1176 506 1245 huiusmodi
530 1177 805 1264 multiplicationes
821 1175 907 1258 illud,
926 1174 1010 1263 quod
1034 1193 1081 1243 est
1103 1177 1261 1243 inenarra-

193 1289 255 1356 bile
273 1305 304 1355 et
323 1285 580 1376 incognoscibile,
598 1284 868 1374 quemadmodum
884 1302 916 1350 tu
936 1283 1024 1366 dicis,
1044 1285 1155 1368 Patris,
1172 1309 1261 1352 enar-

195 1395 336 1463 rantem?
380 1393 419 1460 Et
441 1415 537 1480 quem
561 1392 790 1480 incorporalem
814 1407 845 1457 et
871 1391 1133 1457 insubstantivum
1157 1393 1262 1458 nomi·

194 1527 261 1583 nas,
284 1503 376 1568 huius
399 1500 562 1566 materiam
586 1515 618 1566 et
642 1498 846 1566 substantiam
870 1523 908 1565 ex
931 1498 1039 1565 multis
1063 1498 1169 1580 literis,
1192 1500 1261 1566 aliis

193 1633 232 1675 ex
255 1609 323 1676 aliis
346 1607 510 1696 generatis,
536 1604 676 1687 fabricas,
700 1606 766 1694 ipse
789 1605 946 1672 Daedalus
969 1603 1104 1671 fictuse)
1123 1621 1153 1671 et
1177 1605 1261 1673 faber

194 1715 296 1782 malus
319 1713 418 1782 factus
441 1713 685 1780 sublimissimae
709 1715 848 1780 virtutis:
873 1729 903 1778 et
926 1736 1020 1802 quam
1040 1711 1261 1780 indivisibilem

193 1822 271 1890 dicis
287 1821 504 1903 substantiam,
519 1821 551 1886 in
568 1837 681 1902 mutas,
698 1836 728 1886 et
744 1819 880 1900 vocales,
896 1836 926 1887 et
943 1819 1149 1886 semivocales
1165 1843 1262 1887 sonos

195 1926 407 2008 subdividens,
430 1925 461 1994 id
487 1923 571 2015 quod
596 1942 642 1992 est
666 1941 791 1992 mutum
815 1927 848 1992 in
872 1925 931 2008 his,
955 1926 1101 1992 omnium
1126 1925 1208 1992 Patri
1232 1942 1263 1993 et

195 2035 288 2101 huius
315 2034 480 2100 intentioni
513 2033 719 2115 mentiens,<³)
742 2033 774 2098 iu
798 2055 958 2099 summam
983 2031 1209 2120 blasphemiam
1232 2049 1263 2100 et

196 2165 343 2230 magnam
367 2142 560 2229 impietatem
587 2140 745 2206 immisisti
770 2162 883 2206 omnes
906 2140 959 2228 qui
975 2138 1031 2206 tibi
1055 2138 1194 2206 credunt.

194 2321 247 2383 καί
257 2319 564 2404 κατακερμααζοντος
575 2319 665 2382 αὐτὸν
677 2320 718 2395 εἰς
728 2318 881 2404 συλλαβὰς
894 2321 948 2404 μὲν
960 2318 1118 2402 τέσσαρας,
1128 2329 1264 2406 στοιχεῖα

195 2426 228 2488 δὲ
251 2424 426 2509 τριάκοντα·
458 2428 509 2488 καὶ
540 2429 591 2490 τδν
617 2425 736 2488 πίντων
759 2425 871 2510 Κύριον
897 2429 947 2488 τὸν
973 2425 1177 2510 ἑστερεωκδτα
1197 2431 1264 2502 τοὺς

194 2535 346 2616 οὐρανοὺς,
363 2533 404 2608 είς
419 2553 444 2596 ω
463 2554 485 2595 at
504 2556 523 2616 η
542 2531 725 2615 κατάγοντος
744 2533 883 2617 ἀριθμὸν,
903 2531 1010 2617 ὁμοίως
1028 2540 1070 2616 τῷ
1089 2533 1262 2619 ἀλφαβίγτῳ,

195 2639 247 2700 καί
261 2639 350 2699 αὐτὸν
366 2635 463 2699 πάντα
478 2645 633 2721 χωροῦντα
652 2636 783 2721 Πατέρα,
800 2636 956 2722 ἀχὼμητον
972 2638 1004 2700 δὲ
1023 2637 1206 2722 ὑπάρχοντα,
1223 2639 1265 2714 είς

196 2743 332 2828 τετρίδα,
348 2745 400 2806 καί
415 2743 556 2828 δγδοίιδα,
577 2746 630 2808 καὶ
645 2744 769 2824 δοκίδα,
786 2746 838 2808 καὶ
854 2745 1012 2809 δωδεκάδα
1027 2746 1263 2828 ὑπόμεμίζοντος,

195 2853 247 2915 καί
269 2853 318 2914 διὰ
341 2859 398 2914 τῶν
421 2851 559 2915 τοιούτων
583 2851 863 2936 πολοττλασταομῶν
886 2856 920 2916 τδ
951 2853 1080 2937 ἀββητον
1105 2854 1157 2916 καί
1180 2851 1263 2915 ἀνεν-

195 2955 311 3042 νδητον,
330 2956 370 3034 ὡς
389 2962 427 3020 σὺ
445 2960 513 3042 φῂς,
533 2967 586 3022 τοῦ
607 2957 726 3043 Πατρὸς
749 2957 1001 3042 ὲκδιηγουμένου;
1047 2957 1109 3021 Καὶ
1132 2960 1165 3021 δν
1189 2956 1265 3021 ἀσώ-

197 3085 289 3147 ματον
311 3065 365 3127 καί
386 3063 525 3128 ἀνοΰσιον
548 3065 713 3149 δνομάζετς,
733 3067 787 3148 τὴν
805 3065 910 3128 τούτου
929 3064 1032 3128 οὐσίαν
1051 3067 1102 3128 καὶ
1120 3067 1174 3148 τὴν
1192 3061 1265 3128 uud-

195 3190 301 3232 οτασιν
323 3172 359 3233 ἐκ
384 3169 504 3234 πολλῶν
528 3171 720 3255 γραμμάτων,
748 3170 857 3255 ἑτέρων
879 3169 911 3248 ἐξ
934 3169 1041 3254 ἑτέρων
1064 3169 1265 3255 γεννωμένων,

194 3275 442 3358 κατασκευάζεις,
463 3278 551 3352 αὐτὸς
570 3276 718 3353 Δαίδαλος
737 3278 858 3361 ψευδὴς,
877 3280 930 3341 καί
949 3277 1060 3340 τέκτων
1074 3280 1169 3353 κακὸς
1184 3273 1267 3360 γενό-

196 3401 284 3466 μενος
305 3391 357 3466 τῆς
380 3382 666 3467 προπανυττερτίτοο
697 3383 868 3468 δυνάμεως·
892 3387 944 3447 καὶ
967 3385 1003 3468 ἣν
1026 3383 1186 3468 ἀμέριστον
1209 3386 1267 3467 φῂς

196 3490 279 3570 εἶναι,
296 3488 338 3566 τίς
353 3486 498 3571 ἀφώνους,
515 3491 567 3552 καὶ
582 3489 763 3572 φωνήεντος,
780 3491 832 3553 καί
846 3489 1015 3575 ἡμιφώνους
1029 3489 1185 3575 φθόγγους
1198 3491 1267 3556 ὑπο-

197 3593 334 3679 μερίζων,
360 3598 395 3658 τὸ
410 3597 530 3679 ἀφωνον
543 3597 640 3659 αὐτῶν
657 3603 698 3679 τῷ
714 3605 772 3660 τῶν
786 3595 905 3660 πάντων
922 3596 1028 3681 Πατρί,
1043 3600 1096 3661 καὶ
1110 3607 1147 3682 τῇ
1161 3597 1267 3663 τοΰτου

197 3701 297 3784 ἐννοίᾳ
313 3699 556 3786 ἐπιψευδόμενος,
573 3701 614 3778 εἰς
627 3705 681 3786 τὴν
697 3702 838 3766 ἀνωτάτω
854 3702 1044 3788 βλασφημίαν
1059 3705 1112 3767 καὶ
1127 3703 1268 3788 μεγίστην

197 3805 337 3894 ἀσέβειαν
356 3807 548 3894 ἐμβέβληκας
567 3811 700 3885 ἅπαντας
719 3813 787 3884 τοὺς
805 3811 854 3872 ool
871 3807 1079 3894 πειθομένους.

236 4019 278 4089 (1)
294 4017 348 4071 Cfr.
364 4017 460 4072 Psalm.
476 4019 588 4084 XXXII,
604 4018 629 4072 6.
763 4019 835 4073 Vatt.
855 4021 949 4074 melius
965 4021 1081 4073 concinit
1094 4037 1155 4074 cum
1168 4020 1269 4090 graecis

235 4105 277 4171 (2)
297 4103 414 4156 Alterius
433 4103 478 4157 scl.
498 4103 633 4173 labyrinthi
644 4121 706 4157 con·
762 4117 788 4157 et
804 4121 865 4157 cum
881 4121 934 4175 seq.
951 4105 1042 4170 mulus,
1059 4122 1138 4175 quam
1148 4105 1232 4173 fictor.

199 4187 278 4240 ditor.
320 4185 404 4241 Ficlus
428 4189 500 4259 quod
519 4189 611 4260 legunt
630 4189 705 4241 codd.
797 4190 839 4256 (3)
860 4188 879 4242 l.
898 4205 921 4243 e.
941 4187 1007 4242 falso
1026 4189 1179 4242 attribuens.
