3288 5060
209 467 426 538 (Vllum-nt]
639 468 730 516 usna
751 467 865 514 numus
1218 463 1278 510 201

209 665 407 753 gressionem
431 663 555 729 numeri
585 665 618 728 in
642 664 846 750 semetipsam
873 662 1078 750 compositae,
1098 681 1119 727 x
1142 661 1283 749 apparuit

210 791 373 836 numerus.
419 771 555 836 Aenim
575 786 605 834 et
622 769 648 835 B
672 784 702 834 et
726 770 750 836 Γ
770 787 801 834 et
821 770 845 835 Δ
866 770 898 835 in
918 769 1084 856 semetipsa
1105 768 1282 855 composita

211 874 346 957 xliunt,
375 874 460 964 quod
483 892 531 943 est
554 876 581 954 I,
605 893 636 941 et
659 874 720 941 hoc
754 898 823 941 esse
856 875 967 941 volunt
998 876 1114 941 Iesum.
1176 872 1280 964 [WH.

218 981 312 1062 VIII,
339 981 404 1072 13].
451 981 511 1048 Sed
535 997 567 1048 et
590 980 747 1062 Christus,
771 982 881 1069 inquit,
906 981 1066 1048 literarum
1090 997 1222 1061 estvm,
1245 1004 1282 1046 ex

209 1086 324 1175 quibus
355 1089 490 1176 primam
522 1089 757 1155 octonarionem
790 1085 971 1175 significari,
1004 1109 1083 1174 quae
1117 1110 1190 1153 cum
1215 1087 1282 1153 lota

211 1195 398 1282 applicital¹l
422 1215 653 1263 nccctxxxvnt
677 1217 847 1260 numerum
866 1195 1037 1282 generavit.
1084 1193 1208 1260 Dicitur
1228 1216 1283 1259 au-

211 1317 289 1380 tem,
312 1302 365 1380 ait,
388 1317 418 1366 et
449 1299 532 1366 filius
567 1299 724 1382 Christus,
755 1299 815 1365 hoc
840 1317 887 1365 est
909 1298 1081 1366 duodecas:
1104 1301 1174 1376 Υἱὸς
1197 1300 1282 1365 enim

213 1430 332 1472 nornen
362 1406 524 1474 literarum
547 1423 682 1495 quatuor
705 1422 762 1487 est,
783 1407 930 1492 Χρειστδς
960 1422 1064 1472 autem
1089 1423 1177 1472 octo:
1204 1428 1284 1493 quae

213 1515 390 1600 composita
418 1511 608 1580 duodecadis
638 1511 845 1578 ostenderunt
875 1512 1135 1600 magnitudinem.
1192 1513 1283 1578 Prius

213 1637 330 1701 autem,
349 1621 459 1708 inquit,
477 1642 573 1708 quam
594 1619 686 1686 huius
714 1621 854 1685 nominis
884 1620 1006 1707 insigne
1030 1635 1199 1706 appareret,
1223 1618 1283 1686 hoc

213 1743 261 1792 est
284 1725 422 1806 Iesus,(²)
440 1724 533 1806 filius,
554 1727 586 1792 in
606 1726 781 1814 ignorantia
802 1748 915 1814 magna
940 1724 1064 1792 luerunt
1088 1725 1234 1791 homines
1254 1741 1284 1790 et

213 1855 329 1899 errore.
376 1833 489 1914 Quum
508 1847 611 1899 autern
627 1832 859 1899 manifestatum
874 1848 920 1898 est
939 1853 971 1899 νι
986 1833 1145 1898 literarum
1166 1855 1284 1898 nomen

216 1939 286 2020 hoc,
309 1940 394 2027 quod
417 1938 591 2006 secundum
614 1962 742 2006 carnem
765 1941 917 2006 amictum
941 1956 987 2006 est
1011 1956 1045 2004 ut
1068 1937 1106 2006 ad
1130 1937 1284 2005 sensibili·
1359 1995 1364 2002 ,

215 2060 311 2111 tatem
345 2043 486 2112 hominis
515 2045 727 2126 descenderet,
754 2043 871 2111 habens
906 2046 939 2112 in
973 2047 1143 2134 semetipso
1178 2047 1281 2132 ipsum

215 2259 332 2346 πρώτης
354 2259 493 2345 τετρέιδος
522 2263 603 2324 κατὰ
624 2258 769 2346 πρόβασιν
798 2259 930 2344 ἀριθμοῦ
953 2259 995 2335 εἰς
1025 2259 1117 2342 αὑτὴν
1146 2259 1283 2323 συντιθε-

215 2365 315 2451 μένης,
339 2366 356 2430 δ
379 2375 436 2430 τῶν
459 2365 535 2430 δέκα
553 2364 684 2449 ἀνεφάνη
707 2361 846 2450 ἀριθμὸς.
892 2363 955 2428 Μία
982 2367 1040 2448 γὰρ
1070 2366 1122 2428 καὶ
1151 2365 1204 2428 δύο
1233 2365 1285 2428 καὶ

215 2483 291 2558 τρεῖς
309 2475 362 2536 καὶ
378 2471 523 2557 τέσσαρες
541 2475 590 2536 ἐπὶ
608 2475 642 2536 rb
661 2475 734 2536 αὐτὸ
752 2471 952 2550 συντεθεῖσαι,
973 2471 1048 2535 δέκα
1066 2472 1212 2556 γίνονται·
1233 2473 1285 2536 καὶ

215 2577 296 2644 τοῦτ’
312 2581 387 2642 εἶναι
409 2578 537 2643 θέλουσι
554 2583 606 2642 τὸν
624 2577 755 2662 Ἰησοῦν.
802 2576 903 2642 Ἀλλὰ
920 2581 972 2642 καὶ
990 2577 1007 2640 δ
1027 2577 1183 2662 Χρειστδς,
1202 2581 1284 2663 φησὶ,

215 2686 399 2771 γραμμάτων
422 2687 502 2750 ὀκτὼ
524 2687 575 2768 ὢν,
599 2689 653 2770 τἠν
676 2684 796 2770 πρώτην
813 2685 944 2768 δηδοὸιδα
966 2686 1115 2770 σημαίνει,
1133 2688 1197 2770 ἠτις
1216 2695 1257 2770 τῷ
1277 2709 1286 2751 ι

216 2793 441 2877 συμπλακεῖσα,
464 2797 515 2858 τδν
538 2789 658 2876 Ἰησοῦν
688 2792 854 2874 ἀττεκῦησε.
902 2790 1031 2874 Λέγεται
1061 2791 1105 2874 δὲ,
1128 2794 1211 2876 φησὶ,
1234 2795 1286 2856 καὶ

216 2899 279 2976 υἰδς
302 2898 458 2982 Χρειστδς,
482 2896 632 2964 τουτέστιν
654 2900 674 2983 η
697 2897 847 2974 δωδεκας·
868 2901 902 2961 rb
921 2900 980 2982 γὰρ
997 2897 1060 2974 υἱὸς
1078 2899 1172 2980 ὄνομα
1190 2920 1285 2984 γραμ-

217 3004 319 3085 μάτων
341 3003 405 3068 ἑστὶ
427 3004 591 3090 τεσσέρων,
609 3007 643 3068 ab
661 3005 695 3068 δέ
714 3003 862 3088 Χρειστδς
880 3001 979 3067 ὀκτώ·
999 3006 1085 3067 ἅτινα
1103 3003 1287 3068 συντεθέντα

218 3116 317 3196 τὸτῆς
328 3111 497 3189 διυδεκόιδος
507 3111 661 3189 ἐπέδειξαν
676 3111 818 3196 μέγεθος.
858 3110 933 3197 Πρὶν
945 3113 999 3196 μὲν
1011 3114 1072 3194 οῦν,
1085 3113 1167 3196 φησὶ,
1180 3111 1286 3176 τοῦτου

216 3226 272 3280 τοῦ
293 3218 439 3303 ὀνόματος
461 3222 495 3282 τῦ
518 3217 664 3302 διάσημον
686 3227 823 3302 φανῆναι,
846 3217 981 3281 τουτέστι
1012 3221 1062 3281 τδν
1091 3217 1210 3302 Ἰησοῦν
1235 3221 1286 3282 τδν

218 3325 291 3405 υἱὸν,
314 3325 347 3389 ὲν
368 3324 475 3410 ἀγνοίᾳ
496 3324 599 3410 πολλῇ
620 3325 756 3410 ὑπῆρχον
771 3324 798 3385 οῖ
813 3323 967 3408 ἀνθρωττοι
990 3326 1042 3386 καὶ
1057 3323 1164 3408 πλάνη.
1211 3323 1287 3388 'Ore

218 3431 252 3494 δὲ
275 3429 453 3517 ἐφανερώθη
476 3434 510 3496 τδ
532 3429 761 3517 ἑξαηρέμρατον
784 3433 889 3515 ὄνομα,
914 3432 931 3494 δ
954 3429 1055 3515 σέρκα
1081 3430 1286 3516 περιεβέλετο,

218 3540 267 3600 ἵνα
288 3538 330 3614 εἰς
353 3541 406 3622 τὴν
428 3537 570 3622 αἴσθησιν
592 3548 645 3602 τοῦ
669 3536 834 3622 ἀνθρώπου
857 3535 1007 3622 κατέλθῃ,
1030 3539 1112 3624 ἔχων
1134 3539 1166 3602 έν
1190 3539 1287 3622 ἑαυτῷ

257 3771 299 3841 (ι)
318 3771 329 3824 l
348 3772 496 3844 aequivalet
519 3789 558 3836 ro,
577 3784 605 3825 ut
625 3773 724 3825 dictum
781 3791 815 3842 24
834 3777 923 3829 literas
943 3775 1084 3846 alphabeti,
1100 3776 1195 3829 additis
1214 3791 1225 3844 3
1242 3777 1289 3830 du-

220 3868 269 3909 est:
281 3856 478 3924 hinc8(literae
487 3873 555 3928 quae
564 3858 592 3910 in
600 3860 726 3929 Χρειστός
780 3860 890 3931 plicibus
909 3859 1000 3924 literis,
1016 3873 1087 3930 patet
1116 3861 1177 3912 huic
1202 3859 1289 3912 simile

221 3941 382 4010 sunt)·l-(8.
393 3941 524 4010 ioht-(8.
537 3956 576 3995 ιο.
589 3942 655 4010 to)=
666 3941 726 3994 888.
781 3959 837 3996 esse
843 3959 942 3996 nornen
949 3943 1052 4011 Ἰησοῦς
1060 3967 1077 3987 =
1086 3957 1119 4006 24
1130 3953 1157 3995 ut
1165 3941 1288 4006 vidimus,

257 4027 299 4092 (ι)
311 4025 382 4078 lesus
398 4025 478 4096 igitur
489 4037 528 4080 est
545 4026 648 4096 insigne
661 4025 728 4094 (έπὶ-
782 4044 811 4080 ac
824 4028 906 4080 totius
922 4027 1053 4096 alphabeti
1067 4026 1179 4096 insigne,
1193 4023 1288 4077 additis

221 4117 319 4176 σημσν)
337 4109 454 4164 nominis
476 4110 590 4164 Christi:
610 4111 632 4163 si
655 4112 726 4164 enim
782 4127 828 4164 sex
841 4111 924 4164 literis
943 4110 1037 4180 quibus
1055 4120 1159 4162 constat
1173 4107 1230 4174 (cfr.
1250 4125 1288 4178 sq.

223 4195 370 4259 Χροιστόςε
383 4209 423 4262 30,
435 4206 462 4248 et
477 4208 510 4262 30
522 4195 592 4248 idem
606 4206 644 4248 est
658 4195 727 4266 quod
785 4194 909 4247 «habens
928 4206 954 4247 et
968 4194 1022 4263 ipse
1041 4207 1070 4244 vr
1089 4203 1114 4244 et
1133 4207 1202 4245 κκιν
1214 4193 1251 4260 υ).
