<?xml version="1.0" encoding="UTF-8"?>
<!DOCTYPE html PUBLIC "-//W3C//DTD XHTML 1.0 Transitional//EN"
    "http://www.w3.org/TR/xhtml1/DTD/xhtml1-transitional.dtd">
<html xmlns="http://www.w3.org/1999/xhtml" xml:lang="en" lang="en">
 <head>
  <title>
</title>
<meta http-equiv="Content-Type" content="text/html;charset=utf-8" />
  <meta name='ocr-system' content='tesseract 3.04.00' />
  <meta name='ocr-capabilities' content='ocr_page ocr_carea ocr_par ocr_line ocrx_word'/>
</head>
<body>
  <div class='ocr_page' id='page_1' title='image "./adversushaerese00irengoog_0336.png"; bbox 0 0 3274 5100; ppageno 0'>
   <div class='ocr_carea' id='block_1_1' title="bbox 228 403 1295 474">
    <p class='ocr_par' dir='ltr' id='par_1_1' title="bbox 228 403 1295 474">
     <span class='ocr_line' id='line_1_1' title="bbox 228 403 1295 474; baseline -0.005 -18"><span class='ocrx_word' id='word_1_1' title='bbox 228 403 438 474; x_wconf 83' lang='lat' dir='ltr'>(v,2-V1,1).]</span> <span class='ocrx_word' id='word_1_2' title='bbox 602 403 604 410; x_wconf 84' lang='grc'><strong>’</strong></span> <span class='ocrx_word' id='word_1_3' title='bbox 624 408 715 455; x_wconf 77' lang='lat' dir='ltr'>arnan</span> <span class='ocrx_word' id='word_1_4' title='bbox 738 407 904 454; x_wconf 73' lang='lat' dir='ltr'>secuunus</span> <span class='ocrx_word' id='word_1_5' title='bbox 1236 407 1295 473; x_wconf 80' lang='lat'>33¹</span> 
     </span>
    </p>
   </div>
   <div class='ocr_carea' id='block_1_2' title="bbox 215 596 1299 3675">
    <p class='ocr_par' dir='ltr' id='par_1_2' title="bbox 222 596 1299 1540">
     <span class='ocr_line' id='line_1_2' title="bbox 228 596 1298 688; baseline -0.002 -21"><span class='ocrx_word' id='word_1_6' title='bbox 228 601 261 667; x_wconf 89' lang='lat' dir='ltr'>Si</span> <span class='ocrx_word' id='word_1_7' title='bbox 285 601 379 688; x_wconf 92' lang='lat' dir='ltr'>igitur</span> <span class='ocrx_word' id='word_1_8' title='bbox 402 598 564 666; x_wconf 91' lang='lat' dir='ltr'>dissimilis</span> <span class='ocrx_word' id='word_1_9' title='bbox 583 616 630 666; x_wconf 86' lang='lat' dir='ltr'>est</span> <span class='ocrx_word' id='word_1_10' title='bbox 649 601 767 688; x_wconf 87' lang='lat' dir='ltr'>imago,</span> <span class='ocrx_word' id='word_1_11' title='bbox 783 599 885 666; x_wconf 88' lang='lat' dir='ltr'>malus</span> <span class='ocrx_word' id='word_1_12' title='bbox 900 615 948 664; x_wconf 87' lang='lat' dir='ltr'>est</span> <span class='ocrx_word' id='word_1_13' title='bbox 963 596 1084 682; x_wconf 83' lang='lat' dir='ltr'>artifex,</span> <span class='ocrx_word' id='word_1_14' title='bbox 1099 616 1131 664; x_wconf 91' lang='lat' dir='ltr'>et</span> <span class='ocrx_word' id='word_1_15' title='bbox 1146 615 1193 665; x_wconf 91' lang='lat' dir='ltr'>est</span> <span class='ocrx_word' id='word_1_16' title='bbox 1209 600 1298 687; x_wconf 90' lang='lat' dir='ltr'>culpa</span> 
     </span>
     <span class='ocr_line' id='line_1_3' title="bbox 228 704 1299 792; baseline 0 -19"><span class='ocrx_word' id='word_1_17' title='bbox 228 707 398 774; x_wconf 87' lang='lat' dir='ltr'>Salvatoris</span> <span class='ocrx_word' id='word_1_18' title='bbox 414 705 587 773; x_wconf 89' lang='lat' dir='ltr'>secundum</span> <span class='ocrx_word' id='word_1_19' title='bbox 604 729 668 773; x_wconf 91' lang='lat' dir='ltr'>eos.</span> <span class='ocrx_word' id='word_1_20' title='bbox 709 707 742 774; x_wconf 86' lang='lat' dir='ltr'>Si</span> <span class='ocrx_word' id='word_1_21' title='bbox 758 722 863 773; x_wconf 92' lang='lat' dir='ltr'>autem</span> <span class='ocrx_word' id='word_1_22' title='bbox 880 706 993 772; x_wconf 92' lang='lat' dir='ltr'>similis</span> <span class='ocrx_word' id='word_1_23' title='bbox 1009 721 1066 788; x_wconf 92' lang='lat' dir='ltr'>est,</span> <span class='ocrx_word' id='word_1_24' title='bbox 1082 704 1192 772; x_wconf 92' lang='lat' dir='ltr'>eadem</span> <span class='ocrx_word' id='word_1_25' title='bbox 1208 706 1299 792; x_wconf 90' lang='lat' dir='ltr'>igno·</span> 
     </span>
     <span class='ocr_line' id='line_1_4' title="bbox 226 811 1296 901; baseline -0.002 -21"><span class='ocrx_word' id='word_1_26' title='bbox 226 815 325 880; x_wconf 91' lang='lat' dir='ltr'>rantia</span> <span class='ocrx_word' id='word_1_27' title='bbox 355 814 531 880; x_wconf 89' lang='lat' dir='ltr'>invenietur</span> <span class='ocrx_word' id='word_1_28' title='bbox 561 815 642 880; x_wconf 89' lang='lat' dir='ltr'>circa</span> <span class='ocrx_word' id='word_1_29' title='bbox 673 813 750 881; x_wconf 89' lang='lat' dir='ltr'>Nun</span> <span class='ocrx_word' id='word_1_30' title='bbox 774 813 955 900; x_wconf 89' lang='lat' dir='ltr'>Propatoris</span> <span class='ocrx_word' id='word_1_31' title='bbox 978 813 1132 901; x_wconf 89' lang='lat' dir='ltr'>ipsorum,</span> <span class='ocrx_word' id='word_1_32' title='bbox 1155 811 1216 878; x_wconf 92' lang='lat' dir='ltr'>hoc</span> <span class='ocrx_word' id='word_1_33' title='bbox 1240 829 1296 894; x_wconf 90' lang='lat' dir='ltr'>est,</span> 
     </span>
     <span class='ocr_line' id='line_1_5' title="bbox 226 918 1296 1009; baseline -0.003 -22"><span class='ocrx_word' id='word_1_34' title='bbox 226 921 447 1009; x_wconf 89' lang='lat' dir='ltr'>Monogenen:</span> <span class='ocrx_word' id='word_1_35' title='bbox 477 936 506 986; x_wconf 92' lang='lat' dir='ltr'>et</span> <span class='ocrx_word' id='word_1_36' title='bbox 530 921 686 1008; x_wconf 91' lang='lat' dir='ltr'>ignoravit</span> <span class='ocrx_word' id='word_1_37' title='bbox 708 918 835 1009; x_wconf 91' lang='lat' dir='ltr'>quidem</span> <span class='ocrx_word' id='word_1_38' title='bbox 861 919 1067 1007; x_wconf 85' lang='lat' dir='ltr'>semetipsum</span> <span class='ocrx_word' id='word_1_39' title='bbox 1090 919 1160 986; x_wconf 90' lang='lat' dir='ltr'>Nus</span> <span class='ocrx_word' id='word_1_40' title='bbox 1184 919 1296 1000; x_wconf 78' lang='lat' dir='ltr'>PatriS,</span> 
     </span>
     <span class='ocr_line' id='line_1_6' title="bbox 224 1024 1295 1116; baseline -0.003 -22"><span class='ocrx_word' id='word_1_41' title='bbox 224 1029 383 1116; x_wconf 89' lang='lat' dir='ltr'>ignoravit</span> <span class='ocrx_word' id='word_1_42' title='bbox 406 1044 512 1093; x_wconf 92' lang='lat' dir='ltr'>autem</span> <span class='ocrx_word' id='word_1_43' title='bbox 536 1043 566 1094; x_wconf 92' lang='lat' dir='ltr'>et</span> <span class='ocrx_word' id='word_1_44' title='bbox 590 1027 728 1109; x_wconf 89' lang='lat' dir='ltr'>Patrem,</span> <span class='ocrx_word' id='word_1_45' title='bbox 750 1027 907 1115; x_wconf 87' lang='lat' dir='ltr'>ignoravit</span> <span class='ocrx_word' id='word_1_46' title='bbox 930 1042 1036 1092; x_wconf 89' lang='lat' dir='ltr'>autem</span> <span class='ocrx_word' id='word_1_47' title='bbox 1056 1042 1086 1091; x_wconf 89' lang='lat' dir='ltr'>et</span> <span class='ocrx_word' id='word_1_48' title='bbox 1105 1049 1140 1091; x_wconf 90' lang='lat' dir='ltr'>ea</span> <span class='ocrx_word' id='word_1_49' title='bbox 1159 1048 1238 1113; x_wconf 92' lang='lat' dir='ltr'>quae</span> <span class='ocrx_word' id='word_1_50' title='bbox 1258 1024 1295 1092; x_wconf 90' lang='lat' dir='ltr'>ab</span> 
     </span>
     <span class='ocr_line' id='line_1_7' title="bbox 225 1130 1297 1222; baseline -0.003 -21"><span class='ocrx_word' id='word_1_51' title='bbox 225 1155 264 1201; x_wconf 90' lang='lat' dir='ltr'>eo</span> <span class='ocrx_word' id='word_1_52' title='bbox 288 1132 367 1200; x_wconf 85' lang='lat' dir='ltr'>lacta</span> <span class='ocrx_word' id='word_1_53' title='bbox 390 1149 472 1200; x_wconf 92' lang='lat' dir='ltr'>sunt.</span> <span class='ocrx_word' id='word_1_54' title='bbox 519 1133 550 1199; x_wconf 87' lang='lat' dir='ltr'>Si</span> <span class='ocrx_word' id='word_1_55' title='bbox 575 1150 681 1200; x_wconf 91' lang='lat' dir='ltr'>autern</span> <span class='ocrx_word' id='word_1_56' title='bbox 704 1134 867 1222; x_wconf 80' lang='lat' dir='ltr'>cognoscit</span> <span class='ocrx_word' id='word_1_57' title='bbox 890 1132 952 1215; x_wconf 86' lang='lat' dir='ltr'>ille,</span> <span class='ocrx_word' id='word_1_58' title='bbox 972 1149 1002 1198; x_wconf 91' lang='lat' dir='ltr'>et</span> <span class='ocrx_word' id='word_1_59' title='bbox 1021 1155 1106 1211; x_wconf 91' lang='lat' dir='ltr'>eum,</span> <span class='ocrx_word' id='word_1_60' title='bbox 1124 1135 1178 1220; x_wconf 92' lang='lat' dir='ltr'>qui</span> <span class='ocrx_word' id='word_1_61' title='bbox 1198 1130 1236 1198; x_wconf 91' lang='lat' dir='ltr'>ad</span> <span class='ocrx_word' id='word_1_62' title='bbox 1254 1133 1297 1198; x_wconf 92' lang='lat' dir='ltr'>si-</span> 
     </span>
     <span class='ocr_line' id='line_1_8' title="bbox 225 1239 1296 1326; baseline -0.002 -20"><span class='ocrx_word' id='word_1_63' title='bbox 225 1239 435 1308; x_wconf 89' lang='lat' dir='ltr'>militudinem</span> <span class='ocrx_word' id='word_1_64' title='bbox 459 1241 525 1306; x_wconf 89' lang='lat' dir='ltr'>eius</span> <span class='ocrx_word' id='word_1_65' title='bbox 550 1239 648 1306; x_wconf 83' lang='lat' dir='ltr'>factus</span> <span class='ocrx_word' id='word_1_66' title='bbox 672 1255 718 1306; x_wconf 94' lang='lat' dir='ltr'>est</span> <span class='ocrx_word' id='word_1_67' title='bbox 742 1263 759 1306; x_wconf 94' lang='lat' dir='ltr'>a</span> <span class='ocrx_word' id='word_1_68' title='bbox 778 1239 949 1322; x_wconf 88' lang='lat' dir='ltr'>Salvatore,</span> <span class='ocrx_word' id='word_1_69' title='bbox 965 1260 1092 1305; x_wconf 93' lang='lat' dir='ltr'>necesse</span> <span class='ocrx_word' id='word_1_70' title='bbox 1110 1253 1157 1305; x_wconf 87' lang='lat' dir='ltr'>est</span> <span class='ocrx_word' id='word_1_71' title='bbox 1176 1260 1296 1326; x_wconf 87' lang='lat' dir='ltr'>cogno-</span> 
     </span>
     <span class='ocr_line' id='line_1_9' title="bbox 222 1343 1293 1435; baseline -0.002 -23"><span class='ocrx_word' id='word_1_72' title='bbox 222 1369 309 1413; x_wconf 90' lang='lat' dir='ltr'>scere</span> <span class='ocrx_word' id='word_1_73' title='bbox 339 1369 419 1435; x_wconf 88' lang='lat' dir='ltr'>quae</span> <span class='ocrx_word' id='word_1_74' title='bbox 443 1363 515 1413; x_wconf 90' lang='lat' dir='ltr'>sunt</span> <span class='ocrx_word' id='word_1_75' title='bbox 539 1346 671 1413; x_wconf 83' lang='lat' dir='ltr'>similia:</span> <span class='ocrx_word' id='word_1_76' title='bbox 700 1363 730 1412; x_wconf 93' lang='lat' dir='ltr'>et</span> <span class='ocrx_word' id='word_1_77' title='bbox 754 1346 854 1413; x_wconf 90' lang='lat' dir='ltr'>soluta</span> <span class='ocrx_word' id='word_1_78' title='bbox 879 1361 926 1412; x_wconf 88' lang='lat' dir='ltr'>est</span> <span class='ocrx_word' id='word_1_79' title='bbox 948 1347 1092 1432; x_wconf 89' lang='lat' dir='ltr'>ipsorum</span> <span class='ocrx_word' id='word_1_80' title='bbox 1116 1343 1293 1412; x_wconf 89' lang='lat' dir='ltr'>secundum</span> 
     </span>
     <span class='ocr_line' id='line_1_10' title="bbox 225 1448 868 1540; baseline 0 -22"><span class='ocrx_word' id='word_1_81' title='bbox 225 1476 314 1519; x_wconf 91' lang='lat' dir='ltr'>suam</span> <span class='ocrx_word' id='word_1_82' title='bbox 339 1452 480 1540; x_wconf 91' lang='lat' dir='ltr'>regulam</span> <span class='ocrx_word' id='word_1_83' title='bbox 505 1454 642 1518; x_wconf 89' lang='lat' dir='ltr'>maxima</span> <span class='ocrx_word' id='word_1_84' title='bbox 665 1448 868 1540; x_wconf 87' lang='lat' dir='ltr'>blasphemia.</span> 
     </span>
    </p>

    <p class='ocr_par' dir='ltr' id='par_1_3' title="bbox 215 1557 1295 3675">
     <span class='ocr_line' id='line_1_11' title="bbox 292 1557 1295 1649; baseline -0.002 -25"><span class='ocrx_word' id='word_1_85' title='bbox 292 1579 321 1645; x_wconf 85' lang='lat'>3.</span> <span class='ocrx_word' id='word_1_86' title='bbox 342 1557 446 1649; x_wconf 84' lang='lat' dir='ltr'><em>[WH.</em></span> <span class='ocrx_word' id='word_1_87' title='bbox 470 1557 542 1648; x_wconf 88' lang='lat' dir='ltr'><em>VI].</em></span> <span class='ocrx_word' id='word_1_88' title='bbox 578 1559 757 1640; x_wconf 84' lang='lat' dir='ltr'>Quonono</span> <span class='ocrx_word' id='word_1_89' title='bbox 770 1557 1011 1648; x_wconf 73' lang='lat' dir='ltr'>[rulrnneusun</span> <span class='ocrx_word' id='word_1_90' title='bbox 1024 1577 1295 1624; x_wconf 79' lang='lat' dir='ltr'>nxcrnrroanrx-</span> 
     </span>
     <span class='ocr_line' id='line_1_12' title="bbox 223 1663 1294 1752; baseline -0.001 -21"><span class='ocrx_word' id='word_1_91' title='bbox 223 1685 349 1732; x_wconf 76' lang='lat' dir='ltr'>crnibus</span> <span class='ocrx_word' id='word_1_92' title='bbox 365 1685 476 1731; x_wconf 78' lang='lat' dir='ltr'>norrun</span> <span class='ocrx_word' id='word_1_93' title='bbox 492 1685 604 1731; x_wconf 78' lang='lat' dir='ltr'>senne.</span> <span class='ocrx_word' id='word_1_94' title='bbox 656 1685 681 1730; x_wconf 87' lang='lat' dir='ltr'>r.</span> <span class='ocrx_word' id='word_1_95' title='bbox 698 1665 737 1730; x_wconf 88' lang='lat' dir='ltr'>Et</span> <span class='ocrx_word' id='word_1_96' title='bbox 753 1665 820 1730; x_wconf 92' lang='lat' dir='ltr'>sine</span> <span class='ocrx_word' id='word_1_97' title='bbox 835 1663 896 1731; x_wconf 93' lang='lat' dir='ltr'>hoc</span> <span class='ocrx_word' id='word_1_98' title='bbox 912 1680 1028 1744; x_wconf 91' lang='lat' dir='ltr'>autem,</span> <span class='ocrx_word' id='word_1_99' title='bbox 1040 1686 1180 1752; x_wconf 92' lang='lat' dir='ltr'>quonam</span> <span class='ocrx_word' id='word_1_100' title='bbox 1196 1664 1294 1731; x_wconf 91' lang='lat' dir='ltr'>modo</span> 
     </span>
     <span class='ocr_line' id='line_1_13' title="bbox 223 1770 1292 1861; baseline 0 -24"><span class='ocrx_word' id='word_1_101' title='bbox 223 1795 257 1838; x_wconf 90' lang='lat' dir='ltr'>ea</span> <span class='ocrx_word' id='word_1_102' title='bbox 276 1788 443 1861; x_wconf 91' lang='lat' dir='ltr'>quaesunt</span> <span class='ocrx_word' id='word_1_103' title='bbox 460 1787 628 1850; x_wconf 80' lang='lat' dir='ltr'>creaturae,</span> <span class='ocrx_word' id='word_1_104' title='bbox 646 1772 690 1837; x_wconf 93' lang='lat' dir='ltr'>sic</span> <span class='ocrx_word' id='word_1_105' title='bbox 709 1772 805 1852; x_wconf 88' lang='lat' dir='ltr'>varia,</span> <span class='ocrx_word' id='word_1_106' title='bbox 821 1787 852 1837; x_wconf 92' lang='lat' dir='ltr'>et</span> <span class='ocrx_word' id='word_1_107' title='bbox 868 1771 978 1854; x_wconf 89' lang='lat' dir='ltr'>multa,</span> <span class='ocrx_word' id='word_1_108' title='bbox 994 1787 1024 1837; x_wconf 94' lang='lat' dir='ltr'>et</span> <span class='ocrx_word' id='word_1_109' title='bbox 1043 1770 1292 1853; x_wconf 84' lang='lat' dir='ltr'>innumerabilia,</span> 
     </span>
     <span class='ocr_line' id='line_1_14' title="bbox 222 1877 1292 1966; baseline 0 -21"><span class='ocrx_word' id='word_1_110' title='bbox 222 1901 334 1945; x_wconf 91' lang='lat' dir='ltr'>eorum</span> <span class='ocrx_word' id='word_1_111' title='bbox 353 1881 513 1960; x_wconf 86' lang='lat' dir='ltr'>Aeonum,</span> <span class='ocrx_word' id='word_1_112' title='bbox 532 1879 584 1966; x_wconf 92' lang='lat' dir='ltr'>qui</span> <span class='ocrx_word' id='word_1_113' title='bbox 604 1893 676 1944; x_wconf 89' lang='lat' dir='ltr'>sunt</span> <span class='ocrx_word' id='word_1_114' title='bbox 695 1879 774 1944; x_wconf 90' lang='lat' dir='ltr'>intra</span> <span class='ocrx_word' id='word_1_115' title='bbox 791 1877 939 1944; x_wconf 86' lang='lat' dir='ltr'>Pleroma</span> <span class='ocrx_word' id='word_1_116' title='bbox 958 1899 1035 1960; x_wconf 85' lang='lat' dir='ltr'>xxx,</span> <span class='ocrx_word' id='word_1_117' title='bbox 1051 1879 1204 1966; x_wconf 84' lang='lat' dir='ltr'>imagines</span> <span class='ocrx_word' id='word_1_118' title='bbox 1224 1901 1292 1945; x_wconf 90' lang='lat' dir='ltr'>esse</span> 
     </span>
     <span class='ocr_line' id='line_1_15' title="bbox 221 1984 1292 2075; baseline 0 -24"><span class='ocrx_word' id='word_1_119' title='bbox 221 2002 364 2073; x_wconf 90' lang='lat' dir='ltr'>possunt,</span> <span class='ocrx_word' id='word_1_120' title='bbox 382 2008 519 2075; x_wconf 93' lang='lat' dir='ltr'>quorum</span> <span class='ocrx_word' id='word_1_121' title='bbox 543 2004 573 2053; x_wconf 86' lang='lat' dir='ltr'>et</span> <span class='ocrx_word' id='word_1_122' title='bbox 592 1986 722 2053; x_wconf 89' lang='lat' dir='ltr'>nomina</span> <span class='ocrx_word' id='word_1_123' title='bbox 744 2009 824 2074; x_wconf 88' lang='lat' dir='ltr'>quae</span> <span class='ocrx_word' id='word_1_124' title='bbox 847 1987 920 2068; x_wconf 86' lang='lat' dir='ltr'>sint,</span> <span class='ocrx_word' id='word_1_125' title='bbox 940 1985 1114 2052; x_wconf 92' lang='lat' dir='ltr'>secundum</span> <span class='ocrx_word' id='word_1_126' title='bbox 1137 1984 1221 2075; x_wconf 92' lang='lat' dir='ltr'>quod</span> <span class='ocrx_word' id='word_1_127' title='bbox 1245 1984 1292 2053; x_wconf 93' lang='lat' dir='ltr'>di-</span> 
     </span>
     <span class='ocr_line' id='line_1_16' title="bbox 221 2089 1292 2181; baseline -0.001 -23"><span class='ocrx_word' id='word_1_128' title='bbox 221 2109 307 2175; x_wconf 86' lang='lat' dir='ltr'>cunt,</span> <span class='ocrx_word' id='word_1_129' title='bbox 326 2093 359 2158; x_wconf 93' lang='lat' dir='ltr'>in</span> <span class='ocrx_word' id='word_1_130' title='bbox 373 2115 413 2159; x_wconf 90' lang='lat' dir='ltr'>eo</span> <span class='ocrx_word' id='word_1_131' title='bbox 428 2094 481 2181; x_wconf 93' lang='lat' dir='ltr'>qui</span> <span class='ocrx_word' id='word_1_132' title='bbox 501 2109 547 2160; x_wconf 89' lang='lat' dir='ltr'>est</span> <span class='ocrx_word' id='word_1_133' title='bbox 566 2108 637 2159; x_wconf 91' lang='lat' dir='ltr'>ante</span> <span class='ocrx_word' id='word_1_134' title='bbox 654 2092 737 2159; x_wconf 92' lang='lat' dir='ltr'>hunc</span> <span class='ocrx_word' id='word_1_135' title='bbox 754 2089 834 2159; x_wconf 91' lang='lat' dir='ltr'>libro</span> <span class='ocrx_word' id='word_1_136' title='bbox 850 2093 1036 2180; x_wconf 88' lang='lat' dir='ltr'>posuimus?</span> <span class='ocrx_word' id='word_1_137' title='bbox 1082 2091 1121 2158; x_wconf 89' lang='lat' dir='ltr'>Et</span> <span class='ocrx_word' id='word_1_138' title='bbox 1139 2114 1204 2158; x_wconf 93' lang='lat' dir='ltr'>non</span> <span class='ocrx_word' id='word_1_139' title='bbox 1223 2108 1292 2157; x_wconf 92' lang='lat' dir='ltr'>tan-</span> 
     </span>
     <span class='ocr_line' id='line_1_17' title="bbox 220 2197 1290 2288; baseline 0 -24"><span class='ocrx_word' id='word_1_140' title='bbox 220 2216 288 2266; x_wconf 86' lang='lat' dir='ltr'>tunr</span> <span class='ocrx_word' id='word_1_141' title='bbox 317 2201 481 2266; x_wconf 89' lang='lat' dir='ltr'>universae</span> <span class='ocrx_word' id='word_1_142' title='bbox 508 2215 665 2266; x_wconf 86' lang='lat' dir='ltr'>creaturae</span> <span class='ocrx_word' id='word_1_143' title='bbox 688 2199 882 2279; x_wconf 88' lang='lat' dir='ltr'>varietatem,</span> <span class='ocrx_word' id='word_1_144' title='bbox 906 2198 960 2265; x_wconf 94' lang='lat' dir='ltr'>sed</span> <span class='ocrx_word' id='word_1_145' title='bbox 983 2221 1023 2264; x_wconf 91' lang='lat' dir='ltr'>ne</span> <span class='ocrx_word' id='word_1_146' title='bbox 1045 2197 1173 2288; x_wconf 90' lang='lat' dir='ltr'>quidem</span> <span class='ocrx_word' id='word_1_147' title='bbox 1195 2199 1290 2286; x_wconf 86' lang='lat' dir='ltr'>partis</span> 
     </span>
     <span class='ocr_line' id='line_1_18' title="bbox 221 2304 1290 2392; baseline 0 -22"><span class='ocrx_word' id='word_1_148' title='bbox 221 2304 351 2371; x_wconf 91' lang='lat' dir='ltr'>alicuius</span> <span class='ocrx_word' id='word_1_149' title='bbox 369 2321 422 2371; x_wconf 90' lang='lat' dir='ltr'>aut</span> <span class='ocrx_word' id='word_1_150' title='bbox 445 2306 635 2386; x_wconf 89' lang='lat' dir='ltr'>caelestium,</span> <span class='ocrx_word' id='word_1_151' title='bbox 652 2320 705 2370; x_wconf 91' lang='lat' dir='ltr'>aut</span> <span class='ocrx_word' id='word_1_152' title='bbox 718 2306 1018 2392; x_wconf 82' lang='lat' dir='ltr'>superterrestrium,</span> <span class='ocrx_word' id='word_1_153' title='bbox 1038 2321 1090 2371; x_wconf 87' lang='lat' dir='ltr'>aut</span> <span class='ocrx_word' id='word_1_154' title='bbox 1108 2305 1290 2392; x_wconf 90' lang='lat' dir='ltr'>aquatilium</span> 
     </span>
     <span class='ocr_line' id='line_1_19' title="bbox 220 2410 1289 2500; baseline -0.001 -23"><span class='ocrx_word' id='word_1_155' title='bbox 220 2427 367 2499; x_wconf 91' lang='lat' dir='ltr'>poterunt</span> <span class='ocrx_word' id='word_1_156' title='bbox 386 2410 528 2500; x_wconf 88' lang='lat' dir='ltr'>adaptare</span> <span class='ocrx_word' id='word_1_157' title='bbox 548 2412 735 2478; x_wconf 87' lang='lat' dir='ltr'>Pleromatis</span> <span class='ocrx_word' id='word_1_158' title='bbox 759 2413 902 2499; x_wconf 86' lang='lat' dir='ltr'>ipsorum</span> <span class='ocrx_word' id='word_1_159' title='bbox 925 2412 1077 2499; x_wconf 86' lang='lat' dir='ltr'>parvitati.</span> <span class='ocrx_word' id='word_1_160' title='bbox 1125 2411 1289 2492; x_wconf 89' lang='lat' dir='ltr'>Quoniam</span> 
     </span>
     <span class='ocr_line' id='line_1_20' title="bbox 219 2519 1287 2608; baseline 0 -24"><span class='ocrx_word' id='word_1_161' title='bbox 219 2519 304 2585; x_wconf 91' lang='lat' dir='ltr'>enirn</span> <span class='ocrx_word' id='word_1_162' title='bbox 329 2520 474 2586; x_wconf 85' lang='lat' dir='ltr'>Pleroma</span> <span class='ocrx_word' id='word_1_163' title='bbox 508 2521 649 2608; x_wconf 90' lang='lat' dir='ltr'>ipsorum</span> <span class='ocrx_word' id='word_1_164' title='bbox 672 2541 739 2586; x_wconf 88' lang='lat' dir='ltr'>xxx</span> <span class='ocrx_word' id='word_1_165' title='bbox 763 2521 890 2586; x_wconf 82' lang='lat' dir='ltr'>Aeones</span> <span class='ocrx_word' id='word_1_166' title='bbox 920 2536 1003 2600; x_wconf 89' lang='lat' dir='ltr'>sunt,</span> <span class='ocrx_word' id='word_1_167' title='bbox 1028 2521 1086 2606; x_wconf 93' lang='lat' dir='ltr'>ipsi</span> <span class='ocrx_word' id='word_1_168' title='bbox 1117 2535 1287 2586; x_wconf 90' lang='lat' dir='ltr'>testantur:</span> 
     </span>
     <span class='ocr_line' id='line_1_21' title="bbox 218 2625 1289 2715; baseline 0 -24"><span class='ocrx_word' id='word_1_169' title='bbox 218 2627 369 2715; x_wconf 90' lang='lat' dir='ltr'>quoniam</span> <span class='ocrx_word' id='word_1_170' title='bbox 393 2643 499 2692; x_wconf 91' lang='lat' dir='ltr'>autem</span> <span class='ocrx_word' id='word_1_171' title='bbox 522 2627 553 2692; x_wconf 94' lang='lat' dir='ltr'>in</span> <span class='ocrx_word' id='word_1_172' title='bbox 578 2649 639 2693; x_wconf 90' lang='lat' dir='ltr'>una</span> <span class='ocrx_word' id='word_1_173' title='bbox 662 2643 747 2715; x_wconf 91' lang='lat' dir='ltr'>parte</span> <span class='ocrx_word' id='word_1_174' title='bbox 778 2629 920 2715; x_wconf 90' lang='lat' dir='ltr'>ipsorum</span> <span class='ocrx_word' id='word_1_175' title='bbox 952 2649 1031 2715; x_wconf 93' lang='lat' dir='ltr'>quae</span> <span class='ocrx_word' id='word_1_176' title='bbox 1058 2625 1140 2692; x_wconf 91' lang='lat' dir='ltr'>dicta</span> <span class='ocrx_word' id='word_1_177' title='bbox 1167 2626 1289 2707; x_wconf 82' lang='lat' dir='ltr'>sunt,(¹)</span> 
     </span>
     <span class='ocr_line' id='line_1_22' title="bbox 219 2732 1288 2821; baseline 0.001 -24"><span class='ocrx_word' id='word_1_178' title='bbox 219 2755 285 2798; x_wconf 95' lang='lat' dir='ltr'>non</span> <span class='ocrx_word' id='word_1_179' title='bbox 307 2753 374 2798; x_wconf 89' lang='lat' dir='ltr'>xxx</span> <span class='ocrx_word' id='word_1_180' title='bbox 401 2732 455 2800; x_wconf 93' lang='lat' dir='ltr'>sed</span> <span class='ocrx_word' id='word_1_181' title='bbox 486 2734 583 2801; x_wconf 90' lang='lat' dir='ltr'>multa</span> <span class='ocrx_word' id='word_1_182' title='bbox 615 2733 713 2799; x_wconf 92' lang='lat' dir='ltr'>millia</span> <span class='ocrx_word' id='word_1_183' title='bbox 744 2733 919 2821; x_wconf 91' lang='lat' dir='ltr'>specierum</span> <span class='ocrx_word' id='word_1_184' title='bbox 947 2755 1016 2800; x_wconf 88' lang='lat' dir='ltr'>esse</span> <span class='ocrx_word' id='word_1_185' title='bbox 1046 2748 1288 2799; x_wconf 89' lang='lat' dir='ltr'>annumerantes</span> 
     </span>
     <span class='ocr_line' id='line_1_23' title="bbox 218 2837 1287 2928; baseline 0.002 -26"><span class='ocrx_word' id='word_1_186' title='bbox 218 2859 284 2918; x_wconf 92' lang='lat' dir='ltr'>eos,</span> <span class='ocrx_word' id='word_1_187' title='bbox 300 2837 464 2905; x_wconf 89' lang='lat' dir='ltr'>ostendere</span> <span class='ocrx_word' id='word_1_188' title='bbox 483 2840 589 2906; x_wconf 90' lang='lat' dir='ltr'>omnis</span> <span class='ocrx_word' id='word_1_189' title='bbox 608 2839 798 2928; x_wconf 89' lang='lat' dir='ltr'>quicumque</span> <span class='ocrx_word' id='word_1_190' title='bbox 817 2837 1065 2905; x_wconf 82' lang='lat' dir='ltr'>confitebitur.(²)</span> <span class='ocrx_word' id='word_1_191' title='bbox 1111 2838 1287 2919; x_wconf 90' lang='lat' dir='ltr'>Quomodo</span> 
     </span>
     <span class='ocr_line' id='line_1_24' title="bbox 218 2944 1287 3033; baseline 0.003 -24"><span class='ocrx_word' id='word_1_192' title='bbox 218 2944 312 3031; x_wconf 92' lang='lat' dir='ltr'>igitur</span> <span class='ocrx_word' id='word_1_193' title='bbox 335 2967 381 3024; x_wconf 89' lang='lat' dir='ltr'>ea,</span> <span class='ocrx_word' id='word_1_194' title='bbox 408 2960 575 3033; x_wconf 85' lang='lat' dir='ltr'>quaeram</span> <span class='ocrx_word' id='word_1_195' title='bbox 605 2945 722 3011; x_wconf 92' lang='lat' dir='ltr'>multae</span> <span class='ocrx_word' id='word_1_196' title='bbox 752 2961 825 3011; x_wconf 92' lang='lat' dir='ltr'>sunt</span> <span class='ocrx_word' id='word_1_197' title='bbox 856 2944 1045 3012; x_wconf 89' lang='lat' dir='ltr'>conditionis</span> <span class='ocrx_word' id='word_1_198' title='bbox 1069 2962 1099 3012; x_wconf 86' lang='lat' dir='ltr'>et</span> <span class='ocrx_word' id='word_1_199' title='bbox 1123 2947 1287 3013; x_wconf 87' lang='lat' dir='ltr'>contrariis</span> 
     </span>
     <span class='ocr_line' id='line_1_25' title="bbox 218 3047 1285 3146; baseline 0.005 -33"><span class='ocrx_word' id='word_1_200' title='bbox 218 3047 465 3132; x_wconf 60' lang='lat' dir='ltr'>subsistentiae)</span> <span class='ocrx_word' id='word_1_201' title='bbox 487 3067 517 3116; x_wconf 86' lang='lat' dir='ltr'>et</span> <span class='ocrx_word' id='word_1_202' title='bbox 539 3053 742 3139; x_wconf 85' lang='lat' dir='ltr'>repugnantia</span> <span class='ocrx_word' id='word_1_203' title='bbox 765 3052 913 3146; x_wconf 86' lang='lat' dir='ltr'>invicem,</span> <span class='ocrx_word' id='word_1_204' title='bbox 937 3068 968 3118; x_wconf 89' lang='lat' dir='ltr'>et</span> <span class='ocrx_word' id='word_1_205' title='bbox 991 3051 1206 3118; x_wconf 86' lang='lat' dir='ltr'>interficientia</span> <span class='ocrx_word' id='word_1_206' title='bbox 1228 3052 1285 3118; x_wconf 92' lang='lat' dir='ltr'>alia</span> 
     </span>
     <span class='ocr_line' id='line_1_26' title="bbox 217 3155 1286 3245; baseline 0.003 -24"><span class='ocrx_word' id='word_1_207' title='bbox 217 3155 286 3237; x_wconf 86' lang='lat' dir='ltr'>alia,</span> <span class='ocrx_word' id='word_1_208' title='bbox 299 3157 453 3244; x_wconf 87' lang='lat' dir='ltr'>imagines</span> <span class='ocrx_word' id='word_1_209' title='bbox 468 3173 498 3222; x_wconf 91' lang='lat' dir='ltr'>et</span> <span class='ocrx_word' id='word_1_210' title='bbox 510 3156 729 3224; x_wconf 89' lang='lat' dir='ltr'>similitudines</span> <span class='ocrx_word' id='word_1_211' title='bbox 745 3180 814 3224; x_wconf 91' lang='lat' dir='ltr'>esse</span> <span class='ocrx_word' id='word_1_212' title='bbox 830 3174 962 3245; x_wconf 89' lang='lat' dir='ltr'>possunt</span> <span class='ocrx_word' id='word_1_213' title='bbox 973 3179 1039 3224; x_wconf 89' lang='lat' dir='ltr'>xxx</span> <span class='ocrx_word' id='word_1_214' title='bbox 1054 3159 1202 3224; x_wconf 84' lang='lat' dir='ltr'>Aeonum</span> <span class='ocrx_word' id='word_1_215' title='bbox 1216 3158 1286 3224; x_wconf 90' lang='lat' dir='ltr'>Ple-</span> 
     </span>
     <span class='ocr_line' id='line_1_27' title="bbox 218 3261 1283 3352; baseline 0.006 -26"><span class='ocrx_word' id='word_1_216' title='bbox 218 3263 361 3342; x_wconf 89' lang='lat' dir='ltr'>romatis;</span> <span class='ocrx_word' id='word_1_217' title='bbox 387 3261 541 3352; x_wconf 90' lang='lat' dir='ltr'>siquidem</span> <span class='ocrx_word' id='word_1_218' title='bbox 563 3265 655 3330; x_wconf 92' lang='lat' dir='ltr'>unius</span> <span class='ocrx_word' id='word_1_219' title='bbox 673 3281 811 3346; x_wconf 90' lang='lat' dir='ltr'>naturae,</span> <span class='ocrx_word' id='word_1_220' title='bbox 827 3264 1097 3352; x_wconf 88' lang='lat' dir='ltr'>quemadmodum</span> <span class='ocrx_word' id='word_1_221' title='bbox 1113 3264 1231 3348; x_wconf 91' lang='lat' dir='ltr'>dicunt,</span> <span class='ocrx_word' id='word_1_222' title='bbox 1247 3291 1283 3332; x_wconf 89' lang='lat' dir='ltr'>ex</span> 
     </span>
     <span class='ocr_line' id='line_1_28' title="bbox 216 3369 1284 3456; baseline 0.006 -23"><span class='ocrx_word' id='word_1_223' title='bbox 216 3369 336 3456; x_wconf 91' lang='lat' dir='ltr'>aequali</span> <span class='ocrx_word' id='word_1_224' title='bbox 355 3385 385 3435; x_wconf 92' lang='lat' dir='ltr'>et</span> <span class='ocrx_word' id='word_1_225' title='bbox 404 3369 500 3435; x_wconf 90' lang='lat' dir='ltr'>simili</span> <span class='ocrx_word' id='word_1_226' title='bbox 524 3371 682 3451; x_wconf 90' lang='lat' dir='ltr'>exsistant,</span> <span class='ocrx_word' id='word_1_227' title='bbox 701 3386 732 3436; x_wconf 91' lang='lat' dir='ltr'>et</span> <span class='ocrx_word' id='word_1_228' title='bbox 756 3371 874 3436; x_wconf 90' lang='lat' dir='ltr'>nullam</span> <span class='ocrx_word' id='word_1_229' title='bbox 900 3370 1031 3437; x_wconf 87' lang='lat' dir='ltr'>habeant</span> <span class='ocrx_word' id='word_1_230' title='bbox 1052 3371 1284 3439; x_wconf 85' lang='lat' dir='ltr'>differentiam?</span> 
     </span>
     <span class='ocr_line' id='line_1_29' title="bbox 217 3473 1285 3568; baseline 0.005 -26"><span class='ocrx_word' id='word_1_231' title='bbox 217 3473 393 3562; x_wconf 89' lang='lat' dir='ltr'>Oportebat</span> <span class='ocrx_word' id='word_1_232' title='bbox 417 3492 532 3557; x_wconf 89' lang='lat' dir='ltr'>autem,</span> <span class='ocrx_word' id='word_1_233' title='bbox 556 3478 582 3542; x_wconf 93' lang='lat' dir='ltr'>si</span> <span class='ocrx_word' id='word_1_234' title='bbox 606 3476 681 3543; x_wconf 87' lang='lat' dir='ltr'>haec</span> <span class='ocrx_word' id='word_1_235' title='bbox 704 3477 831 3544; x_wconf 92' lang='lat' dir='ltr'>illorum</span> <span class='ocrx_word' id='word_1_236' title='bbox 857 3479 1012 3566; x_wconf 91' lang='lat' dir='ltr'>imagines</span> <span class='ocrx_word' id='word_1_237' title='bbox 1035 3495 1119 3563; x_wconf 89' lang='lat' dir='ltr'>sunt,</span> <span class='ocrx_word' id='word_1_238' title='bbox 1134 3481 1285 3568; x_wconf 83' lang='lat' dir='ltr'>quemad-</span> 
     </span>
     <span class='ocr_line' id='line_1_30' title="bbox 215 3579 1283 3675; baseline 0.007 -28"><span class='ocrx_word' id='word_1_239' title='bbox 215 3579 347 3650; x_wconf 89' lang='lat' dir='ltr'>modum</span> <span class='ocrx_word' id='word_1_240' title='bbox 368 3599 476 3648; x_wconf 87' lang='lat' dir='ltr'>natura</span> <span class='ocrx_word' id='word_1_241' title='bbox 496 3605 630 3671; x_wconf 90' lang='lat' dir='ltr'>nequam</span> <span class='ocrx_word' id='word_1_242' title='bbox 650 3583 796 3650; x_wconf 87' lang='lat' dir='ltr'>homines</span> <span class='ocrx_word' id='word_1_243' title='bbox 816 3584 925 3651; x_wconf 92' lang='lat' dir='ltr'>dicunt</span> <span class='ocrx_word' id='word_1_244' title='bbox 943 3585 1109 3675; x_wconf 87' lang='lat' dir='ltr'>quosdam,</span> <span class='ocrx_word' id='word_1_245' title='bbox 1128 3604 1159 3654; x_wconf 91' lang='lat' dir='ltr'>et</span> <span class='ocrx_word' id='word_1_246' title='bbox 1175 3605 1283 3654; x_wconf 90' lang='lat' dir='ltr'>natura</span> 
     </span>
    </p>
   </div>
   <div class='ocr_carea' id='block_1_3' title="bbox 212 3796 1282 4210">
    <p class='ocr_par' dir='ltr' id='par_1_4' title="bbox 212 3796 1282 4210">
     <span class='ocr_line' id='line_1_31' title="bbox 249 3796 942 3867; baseline 0.007 -19"><span class='ocrx_word' id='word_1_247' title='bbox 249 3796 292 3862; x_wconf 87' lang='lat' dir='ltr'>(r)</span> <span class='ocrx_word' id='word_1_248' title='bbox 324 3796 463 3862; x_wconf 89' lang='lat' dir='ltr'>Videlicet,</span> <span class='ocrx_word' id='word_1_249' title='bbox 494 3799 646 3851; x_wconf 85' lang='lat' dir='ltr'>caelestium</span> <span class='ocrx_word' id='word_1_250' title='bbox 680 3800 722 3852; x_wconf 88' lang='lat' dir='ltr'>vel</span> <span class='ocrx_word' id='word_1_251' title='bbox 777 3799 942 3867; x_wconf 76' lang='lat' dir='ltr'>(Massuer).</span> 
     </span>
     <span class='ocr_line' id='line_1_32' title="bbox 213 3881 1282 3957; baseline 0.007 -25"><span class='ocrx_word' id='word_1_252' title='bbox 213 3881 377 3934; x_wconf 90' lang='lat' dir='ltr'>terrestrium</span> <span class='ocrx_word' id='word_1_253' title='bbox 398 3894 442 3934; x_wconf 88' lang='lat' dir='ltr'>aut</span> <span class='ocrx_word' id='word_1_254' title='bbox 462 3883 625 3952; x_wconf 86' lang='lat' dir='ltr'>aquatilium.</span> <span class='ocrx_word' id='word_1_255' title='bbox 812 3886 854 3952; x_wconf 66' lang='grc' dir='ltr'>(ς)</span> <span class='ocrx_word' id='word_1_256' title='bbox 873 3885 893 3936; x_wconf 90' lang='grc' dir='ltr'>Ι.</span> <span class='ocrx_word' id='word_1_257' title='bbox 913 3902 934 3938; x_wconf 88' lang='lat' dir='ltr'>e.</span> <span class='ocrx_word' id='word_1_258' title='bbox 963 3904 1004 3938; x_wconf 90' lang='lat' dir='ltr'>«a</span> <span class='ocrx_word' id='word_1_259' title='bbox 1024 3887 1162 3940; x_wconf 85' lang='lat' dir='ltr'>contrariis</span> <span class='ocrx_word' id='word_1_260' title='bbox 1186 3887 1282 3957; x_wconf 91' lang='lat' dir='ltr'>princi·</span> 
     </span>
     <span class='ocr_line' id='line_1_33' title="bbox 250 3964 1281 4041; baseline 0.009 -25"><span class='ocrx_word' id='word_1_261' title='bbox 250 3966 292 4032; x_wconf 90' lang='lat'>(2)</span> <span class='ocrx_word' id='word_1_262' title='bbox 312 3964 413 4019; x_wconf 87' lang='lat' dir='ltr'>Graece</span> <span class='ocrx_word' id='word_1_263' title='bbox 425 3969 651 4021; x_wconf 77' lang='grc' dir='ltr'><strong>ἀποδεικνύειν...</strong></span> <span class='ocrx_word' id='word_1_264' title='bbox 664 3969 721 4030; x_wconf 63' lang='lat' dir='ltr'>eto-</span> <span class='ocrx_word' id='word_1_265' title='bbox 778 3969 850 4039; x_wconf 82' lang='lat' dir='ltr'>«piis</span> <span class='ocrx_word' id='word_1_266' title='bbox 870 3969 988 4024; x_wconf 87' lang='lat' dir='ltr'>derivata</span> <span class='ocrx_word' id='word_1_267' title='bbox 998 3989 1023 4023; x_wconf 76' lang='grc' dir='ltr'>»ε</span> <span class='ocrx_word' id='word_1_268' title='bbox 1037 3984 1113 4041; x_wconf 86' lang='lat' dir='ltr'>prout</span> <span class='ocrx_word' id='word_1_269' title='bbox 1129 3972 1281 4025; x_wconf 87' lang='lat' dir='ltr'>manifesta-</span> 
     </span>
     <span class='ocr_line' id='line_1_34' title="bbox 213 4050 1281 4127; baseline 0.008 -27"><span class='ocrx_word' id='word_1_270' title='bbox 213 4050 429 4116; x_wconf 56' lang='lat' dir='ltr'>pararnonem.</span> <span class='ocrx_word' id='word_1_271' title='bbox 440 4067 463 4104; x_wconf 88' lang='lat' dir='ltr'>e.</span> <span class='ocrx_word' id='word_1_272' title='bbox 476 4051 718 4105; x_wconf 89' lang='lat' dir='ltr'>demonstraturum</span> <span class='ocrx_word' id='word_1_273' title='bbox 773 4063 816 4106; x_wconf 91' lang='lat' dir='ltr'>tur</span> <span class='ocrx_word' id='word_1_274' title='bbox 834 4071 867 4106; x_wconf 91' lang='lat' dir='ltr'>ex</span> <span class='ocrx_word' id='word_1_275' title='bbox 889 4055 1047 4108; x_wconf 88' lang='lat' dir='ltr'>correlativo</span> <span class='ocrx_word' id='word_1_276' title='bbox 1066 4056 1093 4108; x_wconf 91' lang='lat' dir='ltr'>in</span> <span class='ocrx_word' id='word_1_277' title='bbox 1115 4056 1281 4127; x_wconf 89' lang='lat' dir='ltr'>oppositione</span> 
     </span>
     <span class='ocr_line' id='line_1_35' title="bbox 212 4134 1279 4210; baseline 0.01 -25"><span class='ocrx_word' id='word_1_278' title='bbox 212 4150 241 4186; x_wconf 90' lang='lat' dir='ltr'>se</span> <span class='ocrx_word' id='word_1_279' title='bbox 253 4134 361 4203; x_wconf 91' lang='lat' dir='ltr'>quilibet</span> <span class='ocrx_word' id='word_1_280' title='bbox 378 4135 494 4206; x_wconf 86' lang='lat' dir='ltr'>recipiet,</span> <span class='ocrx_word' id='word_1_281' title='bbox 512 4135 651 4205; x_wconf 91' lang='lat' dir='ltr'>spondebit</span> <span class='ocrx_word' id='word_1_282' title='bbox 670 4148 718 4190; x_wconf 87' lang='lat' dir='ltr'>etc.</span> <span class='ocrx_word' id='word_1_283' title='bbox 776 4159 790 4190; x_wconf 69' lang='grc' dir='ltr'>(ι</span> <span class='ocrx_word' id='word_1_284' title='bbox 800 4156 832 4192; x_wconf 88' lang='lat' dir='ltr'>ex</span> <span class='ocrx_word' id='word_1_285' title='bbox 852 4141 953 4210; x_wconf 89' lang='lat' dir='ltr'>aequali</span> <span class='ocrx_word' id='word_1_286' title='bbox 973 4152 998 4194; x_wconf 89' lang='lat' dir='ltr'>et</span> <span class='ocrx_word' id='word_1_287' title='bbox 1018 4141 1098 4195; x_wconf 91' lang='lat' dir='ltr'>simili</span> <span class='ocrx_word' id='word_1_288' title='bbox 1116 4143 1279 4196; x_wconf 79' lang='lat' dir='ltr'>exsistant».</span> 
     </span>
    </p>
   </div>
   <div class='ocr_carea' id='block_1_4' title="bbox 0 0 1642 5100">
    <p class='ocr_par' dir='ltr' id='par_1_5' title="bbox 0 0 1642 5100">
     <span class='ocr_line' id='line_1_36' title="bbox 0 0 1642 5100; baseline 0 6"><span class='ocrx_word' id='word_1_289' title='bbox 0 0 1642 5100; x_wconf 95' lang='lat' dir='ltr'> </span> 
     </span>
    </p>
   </div>
  </div>
 </body>
</html>
