3230 5062
359 437 417 501 118
642 455 769 500 inerter
793 453 952 501 auvensus
975 451 1131 499 utenssss
1291 451 1349 522 [νἸ,
1371 467 1421 520 3=4

352 667 454 730 neant,
473 649 556 738 quod
573 665 620 716 est
642 648 723 740 apud
746 649 852 716 Deum
869 666 899 716 et
918 649 998 738 apud
1022 650 1169 718 homines
1185 649 1334 718 odiosum
1351 673 1423 715 mu-

352 761 434 826 neris
458 757 657 826 homicidiale
680 757 937 844 spectaculum.(¹)
983 757 1125 839 Quidam
1142 775 1248 824 autem
1267 763 1297 824 et
1320 758 1421 823 carnis

353 863 562 953 voluptatibus
595 861 807 930 insatiabiliter
837 864 1053 945 inservientes,
1077 865 1212 931 carnalia
1234 862 1421 942 carnalibus,

353 971 499 1060 spiritalia
523 967 711 1058 spiritalibus
734 968 820 1035 reddi
843 967 960 1036 dicunt.
1015 970 1054 1036 Et
1076 970 1205 1058 quidam
1228 971 1357 1058 quidem
1384 994 1422 1035 ex

353 1079 429 1166 ipsis
452 1077 533 1144 clam
549 1099 601 1142 eas
616 1077 773 1156 mulieres,
789 1099 868 1164 quae
882 1075 1008 1142 discunt
1024 1076 1062 1143 ab
1078 1078 1122 1142 eis
1138 1077 1314 1144 doctrinam
1331 1076 1422 1157 hanc,

353 1199 575 1272 corrumpunt:
608 1179 878 1270 quemadmodum
909 1183 1025 1248 multae
1049 1205 1140 1270 saepe
1168 1181 1205 1248 ab
1230 1181 1278 1248 his
1302 1205 1421 1262 suasae,

353 1308 424 1380 post
447 1313 615 1359 conversae
632 1289 778 1356 mulieres
801 1289 839 1356 ad
856 1289 1027 1356 Ecclesiam
1051 1289 1123 1371 Dei,
1140 1313 1211 1356 cum
1236 1289 1358 1377 reliquo
1374 1312 1423 1355 er-

354 1421 425 1466 rore
448 1416 478 1464 et
501 1398 561 1466 hoc
586 1396 747 1463 confessae
770 1397 886 1462 sunt.(²)
939 1396 1003 1462 Alii
1028 1419 1105 1464 vero
1128 1413 1158 1462 et
1182 1395 1358 1478 manifeste,
1382 1421 1422 1462 ne

353 1506 481 1594 quidem
496 1501 723 1585 erubescentes,
736 1525 948 1591 quascumque
964 1503 1177 1570 adamaverint
1196 1503 1354 1584 mulieres
1366 1503 1421 1570 has
1438 1546 1440 1549 v

353 1614 464 1680 aviris
488 1613 552 1678 suis
576 1605 798 1692 abstrahentes,
824 1633 895 1676 suas
919 1625 1029 1697 nuptas
1054 1608 1202 1676 lecerunt.
1256 1612 1320 1676 Alii
1343 1634 1422 1677 vero

353 1718 443 1786 valde
458 1717 600 1785 modeste
614 1718 714 1798 initio,
730 1716 816 1806 quasi
834 1739 907 1782 cum
923 1714 1084 1782 sororibus
1103 1716 1257 1804 lingentes
1273 1715 1421 1797 habitare,

355 1822 540 1912 procedente
554 1841 696 1909 tempore
713 1821 901 1888 manifestati
917 1839 1000 1902 sunt,
1020 1822 1147 1910 gravida
1164 1845 1273 1888 sorore
1292 1845 1308 1888 a
1328 1821 1421 1888 fratre

356 1929 445 1996 facta.

354 2155 412 2210 τῶν
434 2143 563 2208 εἰδώλων
581 2141 737 2228 γινομένην
755 2153 865 2227 πρῶτοι
880 2142 1022 2226 συνίασιν,
1038 2143 1079 2220 ὡς
1095 2144 1170 2228 μηδὲ
1186 2153 1238 2228 της
1253 2147 1337 2229 παρά
1351 2142 1422 2229 Θεῷ

354 2255 405 2318 καί
420 2251 591 2337 ἀνθρώποις
605 2249 809 2336 μεμισημένης
824 2261 875 2335 τῆς
890 2260 948 2314 τῶν
962 2251 1160 2337 άηριομάχων
1172 2253 1225 2315 καὶ
1236 2254 1422 2338 μονομαχίας

355 2358 534 2443 ἀνδροφόνου
552 2357 628 2434 δέοις
647 2356 821 2442 ἀπέχεσθαι
844 2356 936 2433 ἐνίους
954 2359 1060 2421 αὐτῶν.
1108 2355 1145 2422 Ol
1160 2359 1203 2439 δὲ,
1219 2359 1272 2421 καί
1289 2368 1351 2433 ταῖς
1368 2368 1421 2443 της

353 2469 465 2550 σαρκός
487 2465 604 2548 ἡδοναῖς
622 2463 798 2550 κατακόρους
812 2463 1013 2544 δουλεύοντες,
1030 2467 1068 2527 τά
1083 2466 1214 2548 σαρκικὰ
1236 2474 1296 2540 τοῖς
1318 2485 1421 2550 σαρκι-

354 2583 427 2652 κοις,
439 2575 492 2636 καί
503 2575 541 2636 τά
555 2574 742 2656 πνευματικὰ
756 2581 816 2647 τοῖς
829 2580 1038 2656 πνευματικοῖς
1054 2571 1255 2635 ἀποδίδοσθαι
1270 2570 1419 2656 λέγουσιν.

355 2679 417 2743 Καὶ
428 2679 454 2743 οἱ
466 2680 521 2762 μἐν
536 2679 633 2742 αὐτῶν
644 2675 747 2762 λάθρα
757 2680 810 2752 τάς
822 2677 1039 2761 διδασκομὲνας
1052 2675 1105 2740 ὑπ’
1116 2680 1212 2742 αὐτῶν
1224 2681 1278 2762 τὴν
1294 2679 1419 2763 διδαχὴν

352 2783 461 2867 ταύτην
483 2781 880 2867 γυναῖκας-διαφθείρουσιν,
905 2782 945 2858 ὡς
966 2767 1079 2846 πολλαί
1102 2781 1249 2859 πολλάκις
1271 2781 1323 2846 ὑπ’
1336 2783 1420 2848 ἐνίων

353 2892 449 2955 αὐτῶν
460 2889 707 2972 ἐξαπατηθεῖσαι,
721 2891 824 2953 ἔπειτα
836 2887 1053 2974 ἐπιστρέψασαι
1068 2899 1208 2972 γυναῖκες
1222 2891 1264 2967 εἰς
1278 2892 1333 2974 την
1348 2888 1421 2954 Ἐκ-

352 2996 479 3082 τιλησίαν
503 3003 554 3060 τοῦ
578 2994 668 3078 Θεοῦ,
691 3000 747 3060 σὺν
768 3005 805 3079 τη
827 2995 919 3080 λοιπῇ
937 2994 1038 3079 πλάνη
1056 2997 1108 3058 καί
1126 3004 1215 3061 τοῦτο
1233 2995 1421 3082 ἐξωμολογή-

352 3125 460 3170 σαντο·
485 3104 513 3167 ol
534 3104 568 3167 δὲ
591 3106 643 3167 καὶ
668 3105 749 3166 κατά
777 3105 811 3166 τό
834 3105 962 3186 φανερόν
991 3101 1278 3188 ἀπερυθριάσαντες,
1310 3105 1353 3166 ὢν
1383 3106 1420 3165 ἂν

353 3211 508 3297 ἐρασδῶσι
536 3218 694 3295 γυναικῶν,
725 3209 834 3285 ταάτας
863 3206 917 3271 ἀπ’
929 3207 1042 3293 ἀνδρῶν
1073 3209 1313 3291 ἀποσπάσαντες,
1347 3209 1420 3286 ἰδίας

352 3303 486 3404 γαμετάς
507 3317 670 3401 ἡγήσαντο,
725 3314 838 3382 Ἀλλοι
860 3315 893 3378 δὲ
917 3316 955 3378 αὖ
978 3312 1068 3378 πάλιν
1091 3325 1208 3399 σεμνῶς
1230 3313 1299 3380 κατ’
1311 3317 1419 3400 ἀρχὰς,

352 3425 393 3502 ὡς
406 3427 482 3508 μετά
496 3423 633 3508 ἀδελφῶν
645 3423 894 3507 προσποιούμενοι
907 3430 1065 3502 συνοικεῖν,
1077 3422 1231 3507 προϊόντος
1245 3430 1297 3485 τοῦ
1308 3421 1419 3507 χρόνον

352 3531 563 3616 ηλέγχθησαν,
572 3529 738 3615 ἐγκύμονος
748 3539 800 3614 της
812 3529 943 3614 ἀδελφῆς
954 3530 1012 3593 ὑπό
1024 3537 1076 3593 τοῦ
1088 3528 1219 3613 ἀδελφοῦ
1227 3529 1418 3614 γενηθείσης.

390 3681 431 3750 (1)
450 3679 496 3733 Gr.
524 3680 620 3734 habes:
649 3679 793 3733 «odiosum
815 3680 859 3732 be·
916 3690 1086 3749 «paratas...
1105 3680 1253 3749 spectacula
1281 3679 1347 3732 uarii
1374 3696 1419 3750 ge·

356 3765 530 3820 «stiariorum
556 3775 583 3816 et
607 3764 784 3835 gladiatorum
811 3763 860 3816 bo·
916 3763 1022 3816 nneris:
1037 3781 1127 3816 munus
1137 3763 1323 3834 gladiatorium
1333 3776 1382 3817 etc.
1390 3785 1416 3816 u.

356 3869 369 3897 ιι
380 3848 511 3900 micidiale
521 3848 698 3918 spectaculum
706 3865 732 3911 n;
742 3859 769 3899 at
779 3847 859 3899 inter·
949 3848 992 3916 (2)
1007 3846 1221 3918 Cfr.praesertim
1230 3864 1297 3918 quae
1307 3849 1339 3901 de
1349 3848 1419 3900 Mar-

353 3949 411 4003 pres
438 3932 512 3998 (hinc
542 3931 650 4002 colliges
678 3948 757 4000 quam
785 3941 859 3983 vetu-
913 3949 945 3984 co
963 3931 1092 3995 dicentur,
1110 3948 1133 3984 c.
1155 3931 1226 3997 Xlll,
1249 3947 1271 3999 5.
1310 3931 1419 3984 Confes-

353 4018 419 4083 stus)
431 4033 492 4068 usus
505 4026 543 4067 est
554 4016 643 4079 verbo,
656 4014 777 4078 dixerim,
786 4014 860 4066 tech-
913 4017 1017 4069 sionem
1044 4017 1175 4086 privatam
1201 4029 1261 4087 post
1289 4017 1419 4070 Massuer

352 4101 413 4154 nico
438 4117 467 4153 ac
495 4117 611 4170 perraro.
663 4099 716 4152 Clr.
736 4099 858 4151 Svsrou.
913 4097 1036 4152 viderunt
1058 4100 1116 4152 heic
1138 4117 1192 4152 non
1216 4101 1301 4170 pauci,
1325 4117 1417 4153 verum

352 4187 379 4237 in
396 4184 481 4240 Caes:
499 4205 511 4232 n
525 4185 625 4237 Bestias
638 4184 671 4236 ad
683 4200 774 4236 munus
786 4200 859 4236 com·
914 4201 968 4236 non
976 4183 1116 4237 sufficienti
1124 4185 1238 4250 ratione;
1248 4185 1333 4238 immo
1339 4186 1418 4238 verba
