3274 5100
196 491 350 558 (NH-xm,
380 492 429 562 2).]
593 495 683 542 trusa
707 494 871 540 secusnus
1200 491 1259 556 345

196 709 261 756 tam
285 713 366 774 eam,
382 714 461 779 quae
477 713 564 756 exea
583 705 641 769 est,
654 692 859 758 emissionem
875 691 952 772 fieri,
969 709 1003 759 ut
1019 714 1083 759 non
1101 690 1263 759 dissimilis

197 799 237 862 sit
260 796 298 861 ab
322 819 360 862 eo
383 797 436 885 qui
460 798 575 863 emisit.
623 798 693 863 Hoc
717 813 822 864 autem
847 801 891 865 sic
908 823 941 864 se
958 787 1099 880 hahente,
1119 821 1218 864 unum
1233 815 1263 864 et

196 901 280 968 idem
306 901 369 984 het,
398 900 669 990 quemadmodum
701 902 822 990 Bythus
846 921 876 970 et
904 905 987 992 Sige,
1012 905 1055 970 sic
1079 923 1109 970 et
1132 905 1202 970 Nus
1234 919 1263 968 et

196 1007 331 1088 Alethia,
344 1029 467 1094 semper
486 1007 687 1074 adhaerentes
704 1009 850 1090 invicem,
870 1033 909 1076 eo
928 1010 1011 1097 quod
1023 1009 1056 1063 (¹)
1077 1033 1141 1076 non
1165 1011 1264 1098 possit

196 1115 327 1180 alterum
361 1115 427 1180 sine
455 1114 553 1179 altero
586 1115 736 1202 intelligi3
759 1114 1028 1202 quemadmodum
1060 1139 1159 1204 neque
1186 1139 1262 1204 aqua

197 1225 263 1289 sine
287 1223 530 1304 humectatione,
547 1245 648 1310 neque
666 1224 748 1310 ignis
764 1225 831 1290 sine
850 1222 962 1304 calore,
982 1247 1082 1312 neque
1101 1225 1177 1311 lapis
1197 1225 1263 1289 sine

195 1328 319 1409 duritia,
344 1327 445 1416 (unita
468 1342 541 1394 sunt
566 1329 651 1394 enim
680 1330 816 1395 invicem
841 1329 927 1410 haec,
951 1345 980 1394 et
1003 1330 1135 1395 alterum
1159 1327 1197 1394 ab
1221 1328 1264 1394 al-

196 1452 264 1502 tero
288 1436 421 1522 separari
445 1458 510 1501 non
534 1450 647 1523 potest,
666 1434 720 1502 sed
737 1459 860 1524 semper
884 1437 1072 1502 coexsistere
1091 1436 1147 1526 ei),
1171 1437 1265 1502 sicet

197 1541 335 1629 Bythum
360 1563 432 1608 cum
457 1541 586 1607 Ennoea
609 1539 772 1608 adunitum
797 1565 864 1608 esse
887 1558 1022 1630 oportet,
1039 1558 1069 1608 et
1091 1543 1167 1608 Nun
1190 1564 1262 1608 cum

197 1649 320 1715 Alethia
344 1647 456 1714 codem
481 1646 589 1715 modo.
639 1649 760 1715 Rursus
783 1665 814 1715 et
837 1649 944 1736 Logos
967 1666 999 1715 et
1022 1649 1085 1715 Zoe
1108 1647 1146 1714 ab
1169 1649 1264 1714 unitis

196 1757 315 1836 emissi,
339 1755 444 1821 unitos
467 1777 546 1834 esse,
563 1771 593 1820 et
610 1778 709 1822 unum
729 1778 796 1822 esse
819 1754 941 1821 debent.
988 1753 1168 1823 Secundum
1190 1753 1263 1820 haec

196 1881 312 1941 autem,
327 1879 356 1930 et
372 1864 480 1929 Homo
493 1879 523 1928 et
536 1862 684 1944 Ecclesia,
698 1881 727 1929 et
744 1865 888 1930 universa
909 1864 1102 1952 reliquorum
1115 1864 1262 1929 aeonum

196 1971 425 2058 coniugationis
449 1970 589 2051 emissio,
612 1971 699 2036 unita
726 1993 794 2036 esse
818 1969 920 2052 debet,
943 1987 973 2038 et
997 1993 1121 2058 semper
1144 1971 1264 2037 coexsi-

197 2095 277 2142 stere
301 2076 432 2142 alterum
456 2077 565 2143 alteru.
614 2077 778 2143 Feminam
793 2079 879 2144 enirn
896 2081 1040 2144 Aeonem
1064 2078 1177 2164 pariter
1195 2100 1263 2142 esse

196 2200 318 2270 oportet
342 2206 415 2249 cum
440 2183 580 2249 masculo
605 2182 777 2250 secundum
800 2207 867 2263 eos,
892 2208 990 2273 quum
1014 2186 1054 2250 sit
1080 2184 1165 2249 velut
1189 2182 1264 2250 affe-

197 2293 259 2356 ctio
284 2291 360 2356 eius.

266 2417 295 2481 3.
319 2395 378 2486 [2].
425 2396 463 2462 Et
486 2395 562 2462 haec
586 2419 685 2483 quum
715 2397 756 2462 ita
787 2420 820 2463 se
845 2396 987 2479 habeant,
1011 2412 1042 2462 et
1064 2420 1163 2484 quum
1188 2397 1262 2464 haec

197 2502 338 2570 dicantur
361 2503 398 2569 ab
422 2505 509 2591 ipsis,
532 2527 640 2594 rursus
664 2503 862 2592 impudorate
885 2504 999 2571 audent
1021 2504 1145 2586 docere,
1161 2506 1264 2570 iunio·
1320 2505 1322 2510 ’

198 2633 264 2676 rem
288 2610 476 2678 duodecadis
500 2613 655 2693 Aeonem,
676 2635 770 2700 quem
787 2629 817 2678 et
842 2612 993 2699 Sophiam
1016 2611 1180 2699 appellant,
1197 2613 1263 2677 sine

197 2718 405 2805 permixtione
429 2719 583 2806 coniugis,
606 2742 702 2807 quem
719 2718 891 2785 Theletum
908 2735 1033 2799 vocant,
1056 2741 1179 2806 passam
1196 2742 1263 2784 esse

197 2824 386 2910 passionem,
409 2842 439 2890 et
463 2826 631 2911 separatim
655 2826 721 2891 sine
744 2849 783 2892 eo
808 2824 945 2892 fructum
969 2848 1144 2913 generasse,
1167 2848 1262 2913 quem

197 2946 226 2995 et
251 2929 401 2997 feminam
421 2954 439 2996 a
463 2930 580 2998 femina
604 2933 780 3015 nominant,
804 2935 836 2999 in
860 2949 981 2999 tantum
1001 2931 1175 2999 dementiae
1191 2955 1264 3020 pro-

197 3038 296 3123 gressi
319 3038 359 3102 ita
383 3054 417 3102 ut
442 3037 698 3105 manifestissime
714 3038 791 3106 duas
807 3041 977 3106 contrarias
995 3038 1034 3106 de
1057 3037 1169 3106 eodem
1193 3062 1263 3105 sen-

197 3145 308 3208 tentias
331 3162 486 3210 censeant.
502 3144 535 3198 (²)
582 3146 613 3211 Si
631 3146 715 3210 enim
733 3145 855 3233 Bythus
869 3145 1015 3213 adunitus
1031 3161 1077 3212 est
1091 3169 1164 3212 cum
1180 3146 1263 3234 Sige,

197 3267 227 3315 et
245 3250 314 3315 Nus
327 3272 399 3315 cum
412 3249 547 3329 Alethia,
562 3265 592 3315 et
608 3251 715 3338 Logos
732 3273 806 3318 cum
830 3252 903 3334 Zoe,
923 3269 954 3318 et
973 3253 1083 3340 reliqui
1105 3250 1262 3339 deinceps,

197 3355 466 3442 quemadmodum
486 3373 606 3445 poterat
622 3356 737 3445 Sophia
752 3359 818 3424 sine
831 3359 974 3447 coniugis
990 3359 1189 3446 perplexione
1201 3361 1263 3446 pati

197 3461 323 3551 aliquid,
347 3463 395 3528 vel
418 3464 586 3550 generare?
639 3464 672 3530 Si
695 3481 800 3530 autem
829 3464 903 3531 haec
927 3467 993 3532 sine
1017 3465 1071 3531 illo
1094 3488 1182 3552 passa
1206 3480 1263 3546 est,

197 3591 323 3634 necesse
342 3585 388 3634 est
412 3586 442 3635 et
466 3569 599 3656 reliquas
624 3571 860 3658 coniugationes
884 3571 1116 3638 abscessionem
1132 3587 1162 3637 et
1177 3593 1264 3658 sepa-

197 3677 349 3742 rationem
373 3699 390 3742 a
414 3679 590 3766 semetipsis
615 3679 771 3766 accipere:
795 3679 879 3766 quod
895 3695 941 3745 est
960 3677 1165 3767 impossihile,
1184 3680 1263 3745 sicut

196 3782 416 3872 praediximus
429 3783 463 3840 (³)
509 3784 714 3874 Impossibile,
732 3803 779 3852 est
807 3808 883 3874 ergo
906 3802 936 3854 et
966 3787 1115 3875 Sophiam
1140 3809 1262 3874 passam

232 3977 274 4042 (1)
294 3975 333 4028 lta
358 3975 474 4048 Harvey.
524 3976 609 4030 Codd.
639 3995 703 4030 vero
794 3980 835 4046 (2)
854 3977 908 4032 cfr.
928 3977 947 4043 1,
967 3991 995 4043 11,
1016 3993 1076 4047 2-3,
1095 3995 1120 4049 p.
1139 3977 1170 4045 83
1192 3995 1262 4049 seqq.

196 4076 291 4113 omnes
324 4061 436 4113 habeut:
468 4061 618 4114 «invicem.
669 4061 702 4115 Et
793 4064 836 4130 (3)
855 4063 935 4128 Nam,
967 4063 1033 4116 sicut
1064 4062 1263 4133 praecedeutifi

200 4145 330 4214 «quod»,
349 4162 416 4215 quae
441 4145 528 4206 lectio,
546 4145 611 4199 dura
633 4145 703 4211 licet,
757 4147 833 4212 dixit,
855 4165 938 4200 unum
962 4148 1019 4200 sine
1043 4148 1127 4201 altero
1152 4146 1263 4217 intelligi

197 4229 304 4283 retineri
324 4243 414 4284 tamen
430 4243 524 4301 potest.
758 4250 812 4286 non
831 4245 927 4303 potest.
966 4231 1019 4286 Ch.
1038 4243 1064 4286 et
1084 4232 1097 4302 S
1117 4250 1170 4304 seq.
