3288 5060
232 478 486 549 (xrx‚4-xx,1).]
657 482 746 530 trum
771 485 886 530 antuus
1238 470 1297 533 261

231 676 262 742 in
285 697 321 740 ea
344 676 591 757 circumlatione,
606 699 684 764 quae
704 675 812 744 fuisset
828 678 970 764 ingenito
985 679 1113 744 Deoua
1129 696 1158 745 et
1173 697 1301 768 propter

229 781 289 847 hoc
312 779 351 847 ab
374 804 412 848 eo
437 784 567 848 missam
586 805 656 850 esse
673 784 702 849 ei
719 785 880 866 virtutem,
899 787 944 850 uti
970 784 1079 852 mundi
1099 785 1299 854 fabricatores

229 887 367 974 effugere
390 907 506 976 posset,
530 907 560 954 et
582 911 637 977 per
663 913 776 956 omnes
806 907 1010 978 transgressa,
1041 911 1072 960 et
1095 894 1128 958 in
1151 892 1300 959 omnibus

228 994 366 1076 liberata,
389 996 570 1063 ascenderet
587 996 625 1064 ad
649 1021 737 1063 eum:
763 1014 793 1064 et
817 999 921 1078 eas‚(²)
943 1022 1023 1087 quae
1047 1000 1161 1066 similia
1181 1003 1210 1067 ei
1233 1025 1301 1084 am-

229 1102 444 1190 plecterentur,
473 1103 669 1169 similiter.(³l
725 1104 796 1170 lesu
828 1122 933 1170 autem
964 1105 1071 1172 dicunt
1103 1108 1242 1172 animam
1268 1110 1300 1173 in

229 1208 416 1275 Iudaeorum
445 1209 671 1276 consuetudine
694 1211 845 1276 nutritam
879 1214 1108 1300 contempsisse
1136 1213 1242 1294 e08,(4)
1269 1231 1299 1280 et

228 1332 355 1404 propter
373 1315 432 1382 hoc
450 1318 580 1382 virtutes
600 1319 764 1405 accepisse,
781 1340 836 1405 per
859 1341 936 1406 quas
957 1321 1119 1385 evacuavit
1137 1343 1216 1409 quae
1232 1319 1299 1386 fue-

229 1439 300 1488 runt
320 1424 351 1488 in
369 1446 513 1510 poenam,
530 1424 742 1510 passiones‚(⁵)
760 1447 839 1511 quae
858 1425 979 1491 inerant
998 1424 1190 1491 hominibus.

230 1647 428 1722 μνημονεῦσαι
447 1640 484 1701 τὰ
507 1635 643 1723 ὁρώμενα
666 1640 741 1723 αὐτη
760 1639 793 1702 ἐν
812 1649 850 1723 τῇ
865 1641 941 1723 μετὰ
959 1647 1011 1702 τοῦ
1030 1639 1194 1724 &pentus
1217 1638 1298 1705 Θεοῦ

228 1752 394 1828 περιφορᾷ,,
403 1746 456 1808 καὶ
467 1745 516 1807 διὰ
524 1754 611 1810 τοῦτο
623 1744 799 1808 ὑπ’ἐκείνου
810 1746 1153 1830 αὐτηκαταπεμφθηναι
1164 1748 1296 1832 δύναμιν,

227 1852 307 1926 ὅπως,
328 1854 398 1927 τοὺς
419 1855 621 1936 κοσμοποιοὺς
639 1852 780 1935 ἐκφυγεῖν
802 1850 840 1914 δι’
853 1854 945 1936 αὐτῆς
967 1852 1103 1936 δυνηθῇ·
1120 1855 1156 1936 ἣν
1173 1855 1225 1917 καὶ
1248 1854 1298 1918 διὰ
1375 1920 1376 1924 ,

228 1957 347 2022 πάντων
355 1957 540 2042 χωρήσασαν
549 1957 581 2020 έν
593 1958 667 2022 πᾶσί
678 1979 712 2022 τε
724 1958 986 2046 έλευθερῳθεῖσαν
995 1958 1213 2043 ἀνεληλυθέναι
1226 1963 1299 2045 πρὸς

229 2063 328 2145 αὐτόν,
399 2061 467 2150 (καὶ
480 2063 588 2148 ὁμοίως
598 2061 668 2152 τὰς)
681 2067 718 2128 τὰ
730 2067 820 2149 ὅμοιοι
831 2065 908 2148 αὐτη
921 2064 1143 2149 ἀσπαζομένοις.
1187 2065 1252 2150 Τὴν
1264 2067 1297 2130 δὲ

228 2181 280 2235 τοῦ
290 2169 394 2254 Ἰησοῦ
405 2169 527 2255 λέγουσι
539 2171 640 2256 ψυχὴν
648 2171 779 2256 έννέμως
788 2170 962 2256 ἠσκημένην
971 2174 1002 2237 ἐν
1010 2171 1188 2250 Ἰουδαϊκοῖς
1199 2173 1297 2256 ἔθεσι,

227 2285 451 2362 καταφρονῆσαι
470 2279 576 2361 αὐτῶν,
603 2280 656 2341 καὶ
680 2277 728 2340 διὰ
746 2287 833 2341 τοῦτο
856 2278 994 2363 δυνάμεις
1017 2277 1179 2362 εἰληφέναι,
1205 2277 1244 2342 δι’
1256 2281 1297 2343 ὢν

227 2385 399 2469 κατηργησε
422 2388 460 2448 cla
482 2383 532 2448 ἐπὶ
562 2384 688 2448 κολάσει
710 2385 797 2469 rra'rdn
818 2385 970 2469 προσόντα
989 2395 1048 2462 τοῖς
1067 2383 1248 2469 ἀνθρώποις.

263 2611 306 2680 (r)
324 2609 423 2664 Confer
441 2609 590 2663 doctrinam
615 2609 733 2662 Platonis

228 2695 260 2747 de
290 2693 505 2764 praeexsistentia
533 2695 694 2748 animarum*
709 2707 735 2748 et

228 2779 381 2831 descientia
398 2778 489 2830 innata
507 2779 534 2832 in
553 2779 598 2831 eis.
615 2778 734 2845 (Plrardr.

228 2880 252 2932 p.
266 2878 333 2930 .247;
353 2861 477 2926 Phanion,
493 2865 583 2932 pass).
620 2862 735 2915 Animae

227 2946 272 2998 scl.
283 2946 315 2998 ab
326 2945 402 2998 initio
411 2957 485 2998 erant
497 2945 523 2998 in
535 2947 735 2999 circumlatione

227 3033 369 3100 (περιφορά
382 3030 491 3083 verbum
505 3029 591 3099 ipsum
604 3030 734 3096 Platonis)

228 3115 296 3184 apud
315 3114 410 3168 Deum.
448 3115 490 3166 Ab
509 3115 558 3166 hac
574 3115 735 3167 sublimitate

128 3187 131 3194 ⁴
227 3199 349 3268 delapsae
368 3211 438 3262 sunt,
456 3209 516 3251 eta
540 3199 634 3250 mundi
657 3196 734 3251 sabri-

228 3282 359 3334 catoribus
378 3281 405 3334 in
424 3297 535 3352 corpora
554 3282 685 3346 detrusae,
706 3292 734 3333 ut

227 3365 254 3417 in
273 3366 474 3419 conversatione
492 3367 624 3437 praesenti
643 3367 734 3418 onmia

227 3449 329 3502 discant
352 3461 377 3503 et
402 3451 535 3520 patiantur
559 3450 643 3502 donec
668 3450 734 3502 bene

227 3535 336 3587 edoctae
348 3551 410 3588 suae
425 3535 539 3587 libertati
554 3535 733 3588 restituantur.

226 3618 269 3671 nd
288 3617 314 3670 id
333 3618 499 3688 potissimum
518 3618 637 3671 animam
661 3619 733 3670 iuvat

227 3701 379 3754 meminisse
398 3703 566 3770 (ἀνάμνησις)
580 3719 611 3754 ea
626 3702 733 3771 quaein

225 3786 311 3855 prima
354 3786 553 3838 circumlatione
596 3785 732 3850 didicerat,

225 3870 295 3939 quod
313 3884 346 3922 eo
365 3868 465 3922 facilius
479 3867 516 3934 fit,
529 3885 581 3940 quo
600 3870 689 3939 purior
708 3881 734 3921 et

225 3953 318 4006 fortior
337 3954 426 4007 anima
446 3965 493 4008 est.
528 3954 597 4008 Hinc
610 3955 734 4008 omnibus

225 4044 352 4097 excelsior
371 4045 461 4096 anima
482 4043 590 4098 Christi.

260 4130 303 4196 (2)
332 4129 382 4183 lnt.
413 4131 526 4192 animas;
560 4127 606 4181 cl.
640 4127 732 4180 Ernst.

224 4211 337 4278 XXVII,
357 4228 380 4266 2.

297 4423 351 4465 [llll.
366 4423 432 4466 δοκοὶ.
448 4423 504 4465 Patr.
520 4425 574 4476 (Ser.
591 4425 622 4476 ll)
638 4423 676 4464 lll.

824 2611 867 2678 (3)
879 2609 993 2662 Subaudi
1005 2609 1101 2677 (ibid),
1114 2609 1218 2662 liberari
1229 2616 1252 2662 el
1263 2609 1296 2661 ad

789 2695 890 2747 Patrem
909 2695 1045 2746 ascendere.

825 2781 867 2844 (η)
887 2777 1021 2831 Gnosticis
1041 2793 1049 2830 1
1072 2778 1169 2830 saeculi
1194 2789 1295 2830 certum

790 2861 869 2932 igitur
897 2875 952 2914 erat
980 2862 1076 2926 lesum,
1101 2862 1222 2930 quamvis
1249 2863 1295 2913 sub

790 2947 859 3017 Lege
878 2945 985 3008 lactum,
1003 2958 1094 2998 tamen
1114 2945 1141 2998 in
1159 2945 1230 3016 Lege
1251 2962 1295 2998 ne-

788 3047 920 3100 quaquam
945 3030 1035 3082 omnia
1063 3046 1109 3081 sua
1134 3041 1295 3081 coarctasse:

788 3115 838 3167 hoc
863 3126 927 3166 nota
951 3114 983 3166 ad
1012 3125 1168 3183 conceptum
1195 3133 1208 3161 r<
1221 3113 1312 3183 regni,

792 3199 888 3252 «Dei»
910 3198 980 3268 quod
1000 3198 1072 3250 lesus
1096 3197 1295 3267 praedicaverit.

788 3283 926 3335 Praeterea
942 3283 963 3334 si
983 3298 1049 3352 quae
1068 3280 1101 3333 lr.
1117 3293 1223 3333 enarrat
1237 3297 1294 3350 per·

788 3367 896 3437 pendas,
914 3367 1014 3436 optime
1038 3365 1165 3436 percipies
1189 3382 1294 3418 morum

788 3451 985 3520 corruptionem
1004 3449 1130 3520 gnosticis
1146 3466 1201 3502 non
1215 3460 1242 3501 ut
1256 3461 1294 3501 ta-

788 3537 863 3598 libus,
876 3535 921 3588 sed
938 3547 966 3587 ut
981 3534 1113 3586 iudaismo
1128 3534 1295 3586 recalcitran-

787 3621 864 3684 tibus,
890 3620 1036 3682 derivasse3
1061 3618 1114 3689 qui,
1133 3635 1213 3688 quum
1239 3618 1295 3670 sine

789 3703 860 3774 lege
870 3719 926 3756 esse
938 3703 1045 3767 vellent,
1058 3703 1114 3755 sine
1124 3702 1223 3772 legibus
1235 3702 1295 3754 ullis

788 3787 849 3840 lacti
871 3799 940 3840 sunt.
979 3787 1014 3839 At
1034 3788 1099 3839 haec
1118 3787 1197 3838 ultera
1214 3785 1294 3854 furies

788 3889 842 3925 non
868 3873 972 3924 videtur
999 3872 1174 3942 gnosticismo
1195 3883 1223 3922 ut
1248 3870 1295 3922 tali

788 3957 935 4010 necessaria
955 3955 1044 4009 luisse.

824 4045 865 4109 (η)
876 4041 916 4093 Ad
925 4055 981 4092 rem
991 4041 1121 4092 Cicirrus
1129 4039 1236 4108 (Strom.
1249 4037 1295 4102 Ill,

790 4124 835 4189 26)
864 4125 1006 4177 «Basilidis
1035 4136 1124 4176 autem
1152 4134 1296 4175 sectatores

792 4231 805 4260 a
815 4209 923 4263 affectus
931 4218 1124 4262 consueverunt
1131 4221 1296 4271 vocarenpo-

1189 4403 1225 4455 17
