3288 5060
364 473 426 558 278

651 493 779 538 IRENAEI
802 493 962 540 ADVERSUS
985 492 1141 541 IIhERESES

1282 488 1395 557 [xxxx
1420 503 1429 540 t

363 689 439 758 tudo
469 691 697 758 Gnosticorum
731 686 863 755 Barbelo
878 689 910 742 (¹)
934 691 1116 771 exsurrexit,
1144 706 1174 754 et
1202 688 1289 754 uelut
1311 713 1329 756 a
1352 705 1433 755 terra

364 796 451 886 fungi
477 794 771 872 manifestatisunt,
795 818 931 884 quorum
963 795 1148 884 principales
1178 795 1259 883 apud
1283 817 1337 862 eos
1362 819 1434 862 sen-

363 1031 412 1067 nus
430 1014 540 1068 Irenaeo
556 1013 727 1076 credendum,
742 1029 824 1082 quum
843 1011 870 1064 in

362 1099 403 1152 his
422 1098 548 1151 doctrinis
567 1098 639 1150 velut
654 1096 827 1150 seminarium
842 1114 869 1150 a·

343 1223 346 1231 .
362 1183 465 1254 gnoscit
481 1183 550 1236 unde
563 1181 699 1234 Valentini
714 1194 740 1234 et
757 1181 869 1234 aliorum

362 1285 463 1321 errores
474 1268 524 1320 orti
535 1268 596 1320 sint.
633 1265 686 1320 Csr.
700 1284 724 1318 x.
735 1283 760 1336 g.
775 1267 869 1318 utrius-

361 1368 412 1422 que
430 1351 544 1422 Sophiae
562 1351 689 1404 valentin.
709 1349 784 1402 notio
802 1365 869 1420 quae

361 1437 449 1507 utique
468 1435 598 1505 posterior
625 1445 732 1504 apparet
756 1433 869 1504 Sophiae

360 1537 427 1590 quae
447 1522 478 1574 ab
494 1520 601 1589 Ophitis
617 1519 779 1572 describitur.
815 1518 868 1572 Ve-

361 1623 419 1658 rum
439 1617 541 1675 praeter
569 1603 722 1666 Barbelitas,
746 1601 868 1672 Ophitas,

358 1691 498 1745 Sethianos
517 1702 542 1742 et
561 1689 686 1752 Quinitas
713 1688 868 1741 innumerae

359 1777 426 1828 aliae
445 1787 541 1836 sectae,
557 1793 583 1826 v.
598 1791 623 1842 g.
639 1771 777 1832 Naasseni‚
790 1771 867 1824 Pera-

358 1856 866 1926 tae,Archonticl,Prodiciani,hisquo·

358 1941 866 2016 queadiungendaesunt,quarumdog·

358 2039 431 2080 mata
444 2044 476 2080 ex
490 2027 578 2091 Celso,
591 2025 706 2096 hippol,
719 2025 866 2082 Clemente.

358 2111 452 2182 Epiph.
472 2123 498 2164 et
517 2111 634 2164 maxime
653 2127 685 2164 ex
704 2111 800 2163 nativis
820 2111 866 2163 do·

358 2196 489 2250 comentis
499 2195 607 2265 copticis
621 2195 801 2248 innotuerunt.
835 2195 865 2246 In

358 2292 432 2334 tanta
453 2279 584 2349 farragine
602 2297 691 2332 rerum
710 2271 865 2349 exponenda

358 2366 440 2419 veluti
459 2382 553 2418 norma
581 2364 732 2416 habendum
751 2364 865 2416 substra-

357 2463 414 2504 tum
433 2451 474 2502 his
494 2449 585 2502 sabulis
614 2465 765 2513 commune,
795 2449 865 2518 quod

357 2535 398 2588 his
417 2535 506 2605 paucis
521 2535 622 2586 damus.
660 2533 740 2586 Initio
755 2533 865 2603 opponi·

356 2631 399 2672 tur
407 2619 564 2689 principium
575 2617 707 2687 quoddam
722 2618 864 2687 spirituale,

357 2723 383 2756 v.
403 2721 427 2772 g.
447 2703 531 2767 Nous,
552 2703 656 2754 cuidam
677 2701 793 2755 inferiori
808 2718 864 2754 ma-

356 2787 442 2840 teriali
461 2785 590 2856 principio
619 2802 663 2836 seu
687 2783 784 2838 Chaos.
821 2785 864 2836 Ab

356 2872 397 2924 his
416 2869 534 2941 procedit
550 2887 617 2940 quae
630 2869 661 2921 de
681 2881 791 2940 utraque
805 2887 863 2939 par-

355 2956 447 3025 ticipat
462 2971 507 3008 seu
523 2954 634 3024 Psyche,
647 2969 713 3023 quae
727 2966 817 3006 tamen
830 2953 863 3006 ad

355 3041 476 3110 spiritum
486 3039 580 3101 tendit,
594 3038 687 3091 frustra
700 3039 863 3092 contendens

356 3125 501 3177 avinculis
530 3123 657 3175 materiae
685 3123 794 3176 exsolvi.
831 3123 862 3176 ln

355 3209 482 3262 auxilium
504 3208 573 3260 illius
598 3207 710 3260 occurrit
741 3207 862 3260 Salvator

355 3294 399 3364 qui
418 3293 450 3345 ab
469 3293 609 3344 Altissimo
628 3291 705 3344 I'atre
736 3292 862 3362 procedit,

355 3390 433 3447 atque
461 3377 493 3428 ad
518 3377 589 3429 illam
616 3375 750 3429 descendit
774 3377 860 3429 eidem

353 3461 458 3530 gnosim
479 3460 613 3512 allaturus.
631 3459 730 3512 -Hic
753 3461 861 3512 nucleus

356 3561 443 3598 rerum
480 3546 546 3598 bene
582 3545 721 3614 exponitur
758 3544 861 3616 hymno

353 3629 515 3682 Naassenico
535 3630 715 3682 vetustissimo
734 3630 766 3681 ab
786 3629 859 3682 Htxx.

354 3713 400 3782 (V,
419 3714 439 3778 1,
462 3713 506 3780 ro)
522 3725 627 3766 servato
640 3725 665 3766 et
681 3713 861 3766 abexxacx

353 3797 427 3866 (Sita.
454 3798 520 3850 Berl.
543 3797 626 3850 stt-ad.
649 3813 725 3866 1902,
750 3815 774 3867 p.
798 3799 860 3867 542)

353 3881 598 3935 feliciterrestituto.
622 3881 860 3950 [Cirssuoxruurx

354 3965 464 4020 Gnostir.
493 3983 516 4036 p.
547 3966 619 4035 237].
675 3964 858 4036 «PrIncipium

356 4063 520 4121 «generator
536 4051 659 4103 Universi
672 4050 787 4120 primum
803 4063 859 4104 erat

356 4157 369 4184 u
379 4135 453 4188 Nous
462 4133 466 4206 Ι
476 4136 587 4188 alterum
598 4153 643 4188 seu
653 4135 860 4205 primogenitum

357 4239 370 4270 a
380 4232 435 4272 erat
463 4221 551 4273 Chaos
569 4219 573 4292 Ι
594 4221 702 4273 tertium
730 4219 860 4274 sensibilis

927 1015 1025 1080 «ψυχὴ
1039 1029 1106 1083 quae
1119 1013 1152 1065 ab
1164 1023 1275 1084 utroque
1294 1025 1358 1066 erat.
1371 1011 1375 1084 Ι
1391 1013 1434 1066 Id·

927 1097 1020 1150 «circo
1048 1097 1081 1150 ad
1100 1097 1183 1149 instar
1202 1097 1320 1149 nutantis
1337 1099 1408 1150 cervi
1426 1099 1431 1168 Ι

927 1181 1044 1235 «mortis
1056 1181 1103 1234 sub
1122 1179 1247 1246 saucibus,
1266 1181 1380 1236 luctatur
1398 1184 1432 1235 ad

926 1285 940 1314 a
950 1267 1175 1319 exercitationem.
1188 1263 1192 1338 Ι
1204 1265 1281 1329 Quae
1293 1267 1364 1336 prius
1377 1265 1432 1320 Do·

926 1351 1061 1404 «minatio
1080 1367 1161 1422 quum
1180 1363 1258 1415 esset,
1280 1351 1366 1403 lucem
1385 1352 1432 1404 ad·

926 1455 939 1483 a
950 1435 1043 1504 spexit,
1055 1435 1059 1504 Ι
1075 1447 1166 1505 postea
1179 1434 1207 1488 in
1220 1436 1349 1506 angustiis
1362 1435 1431 1488 lacta

925 1519 1053 1572 «deflevit
1069 1519 1073 1591 Ι
1090 1531 1116 1572 et
1136 1536 1205 1572 nunc
1218 1521 1319 1590 sepulta
1339 1519 1431 1574 inlelix

925 1604 975 1656 «in
995 1604 1067 1657 malo
1083 1603 1087 1672 Ι
1114 1603 1141 1656 in
1161 1603 1314 1675 labyrintho
1333 1603 1408 1657 iacet.
1425 1605 1429 1674 Ι

925 1709 938 1738 n
949 1689 985 1742 At
1004 1689 1069 1742 dixit
1085 1689 1167 1741 Iesus:
1187 1688 1290 1758 Inspice
1302 1706 1319 1742 o
1331 1689 1410 1742 Pater
1425 1689 1429 1760 Ι

924 1773 998 1825 ‹thoc
1016 1788 1064 1825 ens
1082 1774 1154 1825 malo
1168 1773 1297 1826 imbutum
1317 1786 1387 1826 errat
1402 1775 1431 1826 in

924 1857 1024 1910 «terris
1039 1857 1042 1928 Ι
1058 1875 1072 1909 a
1092 1857 1184 1927 spiritu
1206 1869 1253 1910 tuo
1271 1859 1362 1927 procul
1383 1875 1429 1910 ua-

924 1962 937 1990 «
949 1952 1033 2012 gutur.
1049 1941 1052 2010 Ι
1068 1943 1198 1994 Amarum
1211 1941 1300 1994 Chaos
1313 1940 1431 2012 effugere

923 2046 936 2076 «
947 2027 1048 2096 quaerit
1063 2024 1067 2096 Ι
1082 2039 1108 2078 at
1121 2043 1172 2097 qua
1182 2025 1224 2078 via
1235 2027 1261 2078 id
1275 2025 1320 2078 liat
1330 2029 1413 2079 nescit.
1424 2024 1428 2096 Ι

924 2110 1114 2180 «Quapropter
1129 2126 1172 2162 rue
1186 2110 1262 2163 mitte
1275 2109 1360 2174 Pater,
1375 2107 1380 2182 Ι
1395 2111 1429 2162 si-

922 2195 1008 2264 «gilla
1028 2195 1127 2247 habens
1142 2195 1299 2247 descendam
1315 2193 1428 2265 {aeones

922 2298 936 2326 a
946 2295 1039 2330 omnes
1052 2277 1192 2343 disiiciam,
1209 2277 1213 2345 Ι
1228 2278 1354 2349 mysteria
1369 2295 1428 2332 om-

922 2382 936 2412 «
944 2361 988 2414 nia
1000 2362 1121 2432 detegam
1133 2361 1297 2434 {formasque
1315 2363 1426 2416 deorum

922 2448 1084 2500 «ostendam
1107 2446 1112 2518 Ι
1131 2460 1157 2501 et
1185 2449 1287 2500 occulta
1319 2461 1427 2502 sanctae

922 2552 935 2582 «
945 2531 1018 2604 viael
1031 2533 1135 2586 Garosr'm
1169 2550 1333 2604 nuncupans,
1372 2546 1425 2586 tra·

922 2618 1042 2670 «dam».
1091 2615 1192 2670 Verum
1220 2617 1247 2670 in
1280 2619 1425 2688 posteriore

918 2702 1054 2754 doctrinae
1069 2703 1222 2756 evolutione
1237 2701 1339 2772 singula
1359 2703 1426 2756 haec

918 2786 945 2837 in
965 2785 1125 2838 immensum
1147 2799 1316 2839 excrescunt:
1338 2787 1422 2852 Nuus,

917 2869 1015 2933 Chaos,
1033 2869 1136 2940 Psyche
1151 2882 1204 2923 tres
1220 2871 1336 2923 distincti
1347 2889 1424 2924 mun·

917 2955 943 3007 di
959 2953 1109 3008 efficiuntur
1127 2971 1239 3024 quorum
1259 2955 1362 3008 incolae
1384 2956 1424 3008 io-

918 3039 1021 3092 numeri
1040 3051 1100 3090 sunt
1114 3055 1222 3092 aeones:
1236 3039 1346 3092 historia
1359 3039 1423 3111 Psy·

916 3123 977 3175 ches
996 3139 1041 3176 seu
1061 3123 1174 3192 Sophiae
1193 3124 1323 3194 delapsae,
1341 3123 1424 3176 illius-

916 3225 966 3277 que
1000 3209 1139 3277 reparati0,
1172 3209 1269 3261 crebris
1300 3209 1423 3278 episodiis

915 3291 1097 3354 inlustrantur,
1131 3307 1160 3344 ac
1192 3292 1301 3344 demum
1331 3293 1423 3362 gnosis

915 3375 1036 3428 salutaris
1051 3392 1095 3445 per
1109 3374 1162 3428 lere
1174 3373 1307 3428 infinitam
1326 3377 1423 3430 seriem

916 3459 1104 3530 mysteriorum
1132 3459 1271 3512 evolvitur.
1319 3459 1422 3513 Horum

914 3545 1057 3614 specimina,
1072 3555 1178 3596 tantum
1197 3555 1225 3596 ut
1245 3544 1300 3614 ipse
1311 3544 1344 3598 Ir.
1357 3545 1424 3598 late-

914 3627 1110 3690 tur,hichabes.
1135 3627 1423 3698 Fragmentumlheo·

915 3712 999 3765 doreti
1018 3712 1067 3782 (H.
1089 3711 1118 3764 F.
1139 3711 1214 3778 XIII)
1234 3729 1287 3782 quo
1305 3713 1423 3768 maxime

915 3797 1046 3850 restitutio
1059 3807 1146 3850 textus
1155 3798 1242 3866 graeci
1256 3798 1369 3862 iuvatur,
1382 3799 1421 3852 in·

914 3881 1293 3951 terpretationisubnectImus.
1327 3883 1423 3937 Inscri-

915 3966 970 4036 ptio
988 3982 1055 4036 quae
1074 3966 1101 4018 in
1116 3965 1191 4018 codd.
1206 3966 1267 4026 huic
1279 3983 1335 4036 cap.
1348 3982 1378 4036 33
1394 3969 1423 4022 in

914 4051 977 4103 blss.
996 4049 1148 4121 praefigitur
1163 4052 1277 4121 reposita
1290 4065 1329 4104 est
1342 4070 1364 4104 c.
1381 4067 1422 4120 31·

951 4136 991 4204 (t)
1011 4135 1121 4188 Barbelo
1146 4152 1246 4188 nomen
1273 4149 1311 4189 est
1338 4137 1422 4208 syria·

913 4238 988 4274 cum:
1008 4221 1035 4273 h.
1056 4237 1080 4273 e.
1104 4223 1153 4273 «in
1180 4220 1284 4274 Tetrade
1311 4221 1381 4275 Deus
1395 4243 1422 4276 x.
