3238 5090
360 481 423 546 412
626 485 752 532 raetiani
777 488 935 533 aurursus
959 489 1113 536 naeuusts
1139 485 1387 556 [xx11,6-XXI11‚
1411 505 1421 542 ι

356 674 515 762 usquead
537 677 833 765 quinquagesimum
858 703 1030 770 numquam
1055 683 1113 748 erit
1137 705 1218 748 unus
1236 706 1346 762 annus,
1362 685 1424 750 nisi

357 782 382 846 si
409 781 491 869 apud
513 784 640 850 Aeones
663 807 775 851 eorum
798 801 864 852 tam
888 789 993 876 magni
1017 789 1089 854 anni
1113 805 1186 854 sunt
1203 788 1340 877 deputati
1364 789 1423 871 his,

355 888 409 975 qui
425 887 505 976 apud
521 890 660 978 Bythum
676 893 710 957 in
725 892 904 959 Pleromate
918 917 956 960 ex
970 893 1079 962 ordine
1096 894 1243 978 resident,
1258 895 1425 984 dequibus

356 1011 386 1060 et
409 995 569 1063 Homerus
592 1015 683 1084 poeta
706 997 793 1079 dixit,
817 1016 848 1066 et
868 999 939 1087 ipse'
958 1001 1126 1088 inspiratus
1149 1025 1167 1068 a
1187 1020 1286 1069 matre
1312 1025 1425 1068 eorum

357 1124 471 1169 erroris
482 1129 489 1170 ι

565 1232 596 1284 Oi
614 1232 645 1282 δὲ
664 1232 725 1284 baut
741 1233 803 1302 πάρ’
822 1235 885 1299 Ζηνὶ
902 1234 1054 1300 καθήμενοι
1072 1235 1225 1302 ἠγορόωντο

564 1318 674 1390 Xpuodqi
693 1323 722 1372 dv
740 1319 902 1388 haudbaud)

357 1494 470 1578 (Quod
494 1495 588 1562 latine
610 1497 653 1562 ita
676 1495 967 1585 interpretabimur:

532 1657 576 1709 Dii
595 1669 683 1710 autem
703 1657 771 1727 apud
790 1657 881 1712 Iovem
900 1659 1068 1714 considentes
1087 1663 1235 1714 tractabant

535 1745 562 1798 in
581 1761 661 1798 aureo
680 1745 759 1815 loco).

423 1920 502 1988 Cau.
516 1921 635 1986 XXIII.
667 1920 770 2011 [WH.
781 1921 938 2002 XXXIV,
953 1921 995 2014 r].
1028 1923 1206 2006 Quonono
1223 1944 1428 1992 ussrnurrun

355 2048 414 2102 Qur
437 2048 492 2093 asr
516 2048 558 2093 un
580 2048 720 2094 nutamus
742 2049 878 2097 osorton
902 2050 943 2095 nr
962 2050 1138 2096 notrannus
1155 2050 1269 2096 sunno
1317 2051 1343 2097 1.
1360 2029 1427 2096 Sed

356 2152 386 2202 et
408 2135 447 2202 de
469 2136 520 2201 illa
540 2135 680 2218 muliere,
699 2159 777 2225 quae
796 2135 953 2224 profluvio
972 2137 1132 2225 sanguinis
1150 2135 1305 2216 laboranS,
1320 2139 1428 2225 tetigit

354 2241 513 2308 fimbriam
532 2243 712 2310 vestimenti
728 2243 871 2324 Domini,
887 2260 918 2308 et
934 2261 1038 2310 sanata
1054 2261 1111 2322 est,
1128 2258 1232 2331 aperta
1246 2258 1293 2308 est
1309 2265 1427 2309 eorum

354 2348 528 2434 ignorantia
550 2345 673 2437 (dicunt
692 2349 777 2414 enim
796 2371 850 2437 per
873 2371 943 2413 eam
959 2348 1081 2415 ostendi
1097 2371 1222 2436 passam
1242 2349 1327 2415 illam
1343 2348 1429 2415 duo-

354 2453 510 2521 decimam
533 2456 692 2533 virtutem‚
709 2470 739 2520 et
762 2455 794 2520 in
817 2453 975 2520 infinitum
999 2454 1165 2537 defluxum,
1183 2453 1214 2521 id
1229 2453 1427 2538 est,'duode-

354 2561 473 2627 cimam
489 2561 662 2651 Aeonem),
673 2561 706 2614 (ἢ
720 2563 860 2649 primum
875 2560 1019 2649 quidem,
1029 2563 1100 2650 quia
1113 2561 1287 2628 secundum
1302 2579 1425 2629 sectam

354 2689 464 2734 eorum
497 2664 703 2733 duodecimus
735 2690 801 2732 non
831 2683 877 2733 est
901 2669 959 2733 iste
981 2670 1083 2750 Aeon,
1108 2668 1189 2733 sicut
1212 2665 1423 2734 ostendimus

354 2775 399 2841 Ut
421 2791 526 2840 autem
546 2797 583 2839 ex
600 2773 758 2861 superfluo
773 2775 818 2840 eis
835 2791 865 2840 et
880 2773 940 2840 hoc
956 2774 1057 2855 detur,
1072 2772 1242 2840 duodecim
1258 2772 1424 2841 Aeonibus

354 2879 583 2960 exsistentibus,
600 2880 745 2946 undecim
768 2881 896 2969 quidem
915 2878 1122 2968 impassibiles
1141 2902 1355 2968 perseverasse
1373 2881 1425 2947 di-

353 3005 475 3067 cuntur,
491 2985 697 3053 duodecimus
712 3003 817 3052 autern
834 3011 960 3075 passus:
978 2987 1091 3054 mulier
1107 3004 1209 3053 autem
1228 3012 1245 3054 e
1262 2989 1423 3054 contrario

351 3093 540 3161 duodecimo
563 3117 645 3160 anno
669 3112 785 3176 sanata,
809 3093 1013 3161 manifestum
1037 3111 1083 3161 est
1101 3095 1254 3182 quoniam
1272 3093 1423 3161 undecim

351 3198 479 3288 quidem
503 3201 592 3266 annis
615 3198 722 3266 habuit
745 3217 996 3288 perseverantem
1020 3202 1210 3288 passionem,
1229 3199 1422 3268 duodecimo

351 3322 456 3372 autem
481 3323 586 3372 sanata
608 3323 664 3374 est.
712 3309 745 3374 Si
768 3305 896 3394 quidem
916 3306 1062 3373 undecim
1081 3308 1207 3374 Aeones
1226 3307 1258 3371 in
1274 3308 1421 3394 passione

353 3412 515 3479 insanabili
534 3412 629 3479 fuisse
644 3413 830 3495 dicerentur,
847 3430 972 3480 sanatus
990 3429 1095 3480 autem
1115 3412 1332 3494 duodecimus,
1349 3437 1422 3478 sua-

354 3521 475 3586 sorium
507 3535 571 3586 erat
600 3518 703 3586 dicere
732 3536 845 3608 typum
876 3542 987 3586 eorum
1012 3542 1081 3586 esse
1104 3519 1281 3586 mulierem.
1332 3519 1423 3600 Quia

354 3641 458 3692 autem
488 3626 565 3691 haec
595 3623 742 3692 undecim
773 3623 900 3714 quidem
924 3625 1014 3692 annis
1037 3649 1126 3713 passa
1149 3641 1207 3706 est,
1231 3641 1261 3691 et
1283 3647 1348 3692 non
1372 3643 1421 3692 est

353 3750 469 3816 sanata,
493 3731 681 3799 duodecimo
708 3750 814 3799 autem
845 3755 928 3798 anno
951 3749 1057 3798 sanata
1080 3749 1137 3814 est,
1156 3753 1296 3820 quonam
1320 3731 1421 3800 modo

352 3857 454 3928 potest
487 3863 555 3906 esse
586 3857 680 3928 typus
707 3839 885 3906 duodecimi
918 3840 1047 3920 Aeonis,
1071 3863 1108 3906 ex
1135 3838 1248 3926 quibus
1271 3837 1422 3906 undecim

350 3948 483 4015 omnino
515 3946 592 4012 nibil
615 3949 697 4035 passi
721 3962 803 4028 sunt,
827 3947 913 4013 solus
937 3963 1041 4012 autent
1065 3943 1271 4012 duodecimus
1294 3947 1423 4033 partici-

387 4129 428 4198 (ι)
448 4128 502 4182 cfr.
522 4129 598 4182 Iliad.
624 4129 671 4195 IV,
694 4146 703 4182 1
731 4142 757 4183 et
781 4147 858 4200 supra
948 4130 989 4196 (2)
1002 4127 1057 4182 Cst.
1069 4127 1237 4193 MATTHIX,
1248 4139 1334 4193 203et
1347 4144 1421 4198 supr.

352 4227 419 4277 xvir,
442 4228 453 4280 3
475 4212 519 4266 sm.
912 4214 933 4280 I,
953 4229 992 4280 ιιι,
1017 4228 1043 4282 3;
1062 4213 1096 4280 11,
1117 4227 1165 4278 ιιιι,
1188 4230 1209 4266 ι.
