3274 5100
210 517 492 588 (xx1,2-xx11,1).]
606 518 695 564 ursan
718 517 883 563 secus-uus
1216 517 1277 582 379

209 715 323 795 dicant,
347 737 404 780 nec
428 714 615 800 semetipsos
639 711 808 800 spiritales;
832 711 986 798 siquidem
1010 711 1096 777 velut
1119 709 1278 790 homines,

210 824 336 888 Aeones
360 821 503 908 ipsorum
527 817 687 905 epulantes
706 816 814 884 sedent
830 815 911 904 apud
932 816 1109 896 Patrem,(¹)
1123 833 1153 883 et
1176 818 1279 904 ipsum

210 928 262 994 tali
286 927 472 1014 figuratione
496 926 709 1006 exsistentem,
732 922 1000 1013 quemadmodum
1025 923 1174 1012 detegunt
1205 949 1280 992 eum

212 1037 266 1122 qui
290 1033 327 1101 ab
351 1057 389 1101 eo
412 1033 521 1100 emissi
545 1049 627 1098 sunt.

279 1165 309 1226 4.
330 1142 363 1208 Si
380 1157 485 1207 autem
500 1138 586 1205 velut
602 1163 618 1205 a
635 1137 754 1204 lumine
770 1138 890 1204 lumina
906 1161 1034 1204 accensa
1051 1154 1134 1219 sunt,
1154 1140 1279 1205 Aeones

213 1273 229 1315 a
253 1249 354 1336 Log0,
378 1247 486 1334 Logos
509 1263 614 1312 autem
638 1268 655 1310 a
679 1245 742 1324 Nu,
766 1261 796 1310 et
814 1245 884 1311 Nus
903 1267 919 1310 a
940 1243 1062 1331 Bytho;
1081 1246 1177 1326 velut,
1192 1243 1279 1311 verbi

213 1357 321 1444 gratia,
344 1379 361 1421 a
386 1352 484 1420 facula
508 1351 636 1432 faculae,
647 1353 680 1404 (²)
703 1353 902 1440 generatione
925 1351 1052 1440 quidem
1072 1367 1102 1417 et
1122 1353 1280 1440 maguitu-

212 1463 285 1529 dine
309 1461 439 1528 fortasse
458 1458 615 1526 distabunt
633 1456 671 1525 ab
687 1460 842 1525 invicem:
859 1457 1000 1526 eiusdem
1017 1475 1121 1524 autem
1136 1458 1280 1524 substan-

214 1571 273 1635 tiae
296 1592 395 1656 quum
413 1569 474 1634 sint
490 1591 562 1633 cum
580 1567 717 1654 principe
733 1566 913 1632 emissionis
930 1567 1083 1653 ipsorum,
1098 1583 1151 1631 aut
1167 1589 1279 1632 omnes

213 1673 420 1763 impassibiles
443 1689 653 1761 perseverant,
676 1688 728 1738 aut
751 1689 782 1737 et
805 1673 897 1738 Pater
921 1673 1063 1759 ipsorum
1087 1670 1280 1761 participabit

214 1783 385 1868 passiones.
431 1781 542 1866 Neque
565 1781 651 1844 enim
670 1801 749 1866 quae
772 1795 880 1866 postea
893 1801 1021 1844 accensa
1041 1795 1088 1844 est
1107 1778 1217 1860 facula,
1237 1779 1281 1843 al-

213 1905 315 1953 terum
325 1886 433 1954 lumen
443 1885 669 1974 habebitquam
682 1883 757 1952 illud
769 1883 853 1973 quod
867 1901 937 1951 ante
948 1908 1017 1951 earn
1031 1884 1098 1952 fuit.
1133 1885 1281 1972 Quapro-

214 2012 280 2082 pter
293 2011 323 2060 et
334 1992 452 2059 lumina
466 1995 618 2081 ipsorum,
631 1993 807 2079 composita
819 1993 851 2057 in
864 2015 974 2070 unum,
987 1993 1019 2057 in
1034 1992 1237 2080 principalem
1247 1992 1281 2044 (³)

215 2102 390 2167 unitionem
414 2114 587 2178 recurrunt,
610 2121 710 2187 quum
734 2097 786 2164 fiat
809 2122 909 2165 unum
933 2099 1041 2165 lumen
1060 2098 1144 2187 quod
1169 2097 1227 2164 fuit
1250 2114 1280 2163 et

213 2231 230 2274 a
253 2207 416 2295 principio.
464 2205 563 2288 Quod
586 2222 692 2272 autem
716 2206 859 2271 iuvenius
884 2222 930 2271 est
949 2221 979 2271 et
996 2206 1164 2293 antiquius,
1180 2227 1280 2292 neque

214 2314 327 2402 inipso
346 2313 465 2379 lumine
477 2312 607 2400 intelligi
623 2328 726 2400 potest
741 2311 858 2400 (unum
874 2313 959 2378 enim
976 2311 1084 2377 lumen
1096 2328 1144 2377 est
1159 2311 1280 2400 totum)

215 2442 271 2484 nec
295 2420 327 2485 in
351 2419 426 2506 ipsis
449 2441 528 2506 quae
552 2434 755 2506 perceperunt
778 2417 885 2483 lumen
905 2416 1015 2483 faculis
1039 2416 1172 2506 (etenim
1197 2418 1280 2504 ipsae
1300 2427 1302 2435 ‘

214 2525 387 2592 secundum
407 2523 613 2591 substantiam
638 2526 785 2590 materiae
800 2523 913 2614 id[em]
930 2541 1055 2612 tempus
1072 2523 1203 2605 habent;
1220 2547 1280 2590 una

214 2633 299 2698 enim
323 2648 353 2698 et
376 2630 485 2698 eadem
509 2649 555 2696 est
580 2629 751 2697 facularum
776 2629 938 2720 materia):
959 2629 1012 2696 sed
1028 2647 1151 2696 tantum
1171 2653 1282 2696 secun-

212 2739 289 2804 dum
313 2739 544 2818 accensionem,
568 2739 719 2825 quoniam
751 2737 847 2803 altera
876 2735 1003 2824 quidem
1033 2753 1103 2803 ante
1131 2736 1280 2825 pusillum

214 2861 349 2932 tempus
373 2844 467 2910 altera
490 2860 594 2910 autem
620 2866 701 2909 nunc
726 2865 856 2910 accensa
880 2859 936 2909 est.

285 2972 312 3035 5.
337 2949 441 3040 [WH.
469 2950 580 3029 XXII,
608 2949 651 3040 r].
709 2949 809 3016 Labes
839 2950 934 3037 igitur
957 2951 1035 3032 eius,
1061 2973 1140 3038 quae
1163 2965 1210 3015 est
1233 2971 1282 3014 se-

215 3057 353 3124 cundum
377 3059 599 3146 ignorantiam,
623 3058 788 3146 passionis,
812 3073 864 3122 aut
880 3057 1028 3123 universo
1047 3057 1193 3123 similiter
1211 3054 1283 3122 Ple-

215 3165 329 3230 romati
353 3166 494 3252 ipsorum
514 3165 687 3252 proveniet,
710 3186 809 3253 quum
833 3164 894 3228 sint
917 3161 1059 3231 eiusdem
1079 3163 1280 3242 substantiae,

216 3289 245 3336 et
269 3273 326 3337 erit
350 3273 382 3336 iu
409 3272 603 3358 ignorantiae
630 3271 709 3352 labe,
741 3269 771 3337 icl
802 3287 850 3336 est
880 3271 1086 3358 semetipsum
1120 3271 1281 3358 ignorans,

217 3377 385 3465 Propator:
409 3393 461 3444 aut
484 3377 628 3444 similiter
647 3378 755 3444 omnia
771 3376 974 3465 impassibilia
988 3374 1232 3464 perseverabunt
1246 3399 1280 3442 ea

215 3507 293 3573 quae
317 3501 388 3551 sunt
412 3486 491 3552 intra
515 3485 661 3550 Pleroma
680 3485 810 3552 lumina.
858 3484 950 3552 Unde
967 3487 1063 3573 igitur
1078 3487 1159 3552 circa
1178 3485 1282 3552 iunio-

249 3659 292 3726 (1)
311 3657 364 3712 Cfr.
383 3657 428 3711 tin.
448 3675 472 3712 c.
493 3673 553 3712 xxtt
572 3657 647 3712 infra.
775 3658 879 3711 transiit
892 3659 1006 3711 alumen
1017 3658 1193 3712 delumine».
1225 3659 1282 3712 At*-

250 3745 292 3810 (2)
311 3743 405 3814 Imago
423 3742 489 3796 haec
504 3743 532 3796 in
544 3743 641 3796 scholis
653 3742 722 3795 chri·
776 3756 855 3795 ousr.
869 3759 899 3796 ea
913 3760 974 3795 usus
985 3755 1026 3796 est
1038 3755 1067 3796 ut
1086 3760 1161 3796 suam
1180 3742 1282 3812 opinio

213 3827 306 3880 stirmis
333 3843 437 3898 quoque
466 3825 630 3897 frequentata
658 3838 721 3878 tunc
775 3843 838 3879 nem
857 3827 889 3880 de
912 3828 1062 3880 animarum
1082 3844 1127 3898 per
1146 3827 1282 3881 traducem

213 3923 270 3964 erat
293 3911 326 3964 ad
348 3911 544 3981 processionem
564 3909 644 3964 Verbi
663 3910 721 3962 illu·
775 3911 879 3982 origine
897 3913 983 3964 verbis
1007 3911 1151 3965 exhiberet.
1187 3909 1281 3982 (Epist.

214 3996 359 4049 strandam.
386 3995 440 4049 Cfr.
454 3995 526 4048 losr.
538 3994 568 4048 C.
583 3993 716 4066 Tryph.6t
775 3995 809 4046 ad
829 3993 912 4066 Optat.
932 3995 978 4058 lV,
998 3997 1050 4062 15).

213 4093 239 4132 et
272 4080 334 4143 128;
365 4079 485 4134 Trtrtrttt.
515 4078 545 4132 C.
577 4078 668 4133 Graec.
694 4095 721 4146 53
811 4081 853 4147 (ς)
872 4079 891 4131 l.
902 4097 924 4132 e.
936 4079 1143 4150 primordialem,
1157 4096 1202 4132 seu
1215 4095 1282 4149 quae

214 4165 362 4216 Aretemto.
379 4163 439 4234 Leg.
458 4178 503 4229 24;
519 4177 598 4234 atque
614 4163 721 4216 demum
776 4164 852 4217 initio
868 4163 927 4216 suit:
944 4165 1016 4234 prob.
1033 4149 1189 4232 dpxerdtiov.
1227 4162 1264 4216 Cs
1276 4205 1281 4217 .

215 4249 364 4300 communis
378 4247 445 4301 facta
459 4249 486 4300 in
497 4249 650 4319 symbolum
663 4247 722 4301 Nic.
777 4265 844 4319 quae
863 4248 983 4316 proxime
1002 4248 1131 4301 adiacent.
