3288 5060
216 470 288 538 (xri,
305 470 395 540 1-2).]
642 461 732 517 arnan
755 471 869 517 narnus
958 425 959 428 Ἴ
1221 451 1281 536 263

286 688 314 752 3.
340 665 444 755 [WH.
467 665 539 744 XX,
566 663 610 756 2].
666 666 761 730 Artes
785 665 869 732 enim
901 666 1039 751 magicas
1063 681 1229 752 operantur
1257 681 1287 731 et

216 773 285 860 ipsi,
305 789 335 837 et
359 771 597 851 incantationes,
616 769 729 858 philtra
746 791 871 858 quoque
895 786 925 836 et
948 769 1122 853 charitesia,
1146 788 1177 836 et
1200 793 1288 858 pare-

216 878 302 959 dros,
333 895 366 946 et
389 879 631 966 oniropompos‚
660 895 690 944 et
719 877 852 966 reliquas
876 877 1126 966 malignationeS,
1149 877 1287 944 dicentes

219 1010 252 1052 se
275 1001 461 1075 potestatem
488 983 608 1052 habere
624 984 662 1055 ad
685 984 914 1052 dominandum
943 988 1007 1052 iam
1038 984 1227 1074 principibus
1257 1000 1288 1051 et

219 1089 454 1158 fabricatoribus
473 1090 567 1158 huius
591 1089 717 1158 mundi:
740 1114 815 1163 nott
832 1091 936 1160 solum
965 1108 1081 1171 autem,
1106 1089 1159 1158 sed
1183 1107 1213 1158 et
1239 1090 1288 1157 his

219 1196 377 1279 omnibus,
396 1220 475 1286 quae
497 1199 530 1264 in
554 1219 592 1263 eo
617 1213 689 1263 sunt
713 1196 802 1265 facta.
849 1198 916 1279 Qui
940 1214 971 1266 et
994 1199 1053 1285 ipsi
1073 1197 1110 1265 ad
1136 1197 1288 1264 detrecta-

219 1306 337 1371 tionem
361 1303 459 1371 divini
484 1303 640 1370 Ecclesiae
658 1305 808 1385 nominis,
831 1303 1101 1392 quemadmodum
1119 1321 1150 1372 et
1168 1320 1287 1391 gentes,

219 1433 237 1476 a
260 1411 372 1478 Satana
394 1411 559 1498 praemissi
578 1426 660 1491 sunt,
678 1412 722 1476 uti
737 1409 910 1478 secundum
928 1410 1024 1477 alium
1048 1428 1079 1476 et
1102 1411 1198 1479 alium
1218 1433 1288 1478 mo-

219 1516 306 1598 durn,
339 1540 418 1606 quae
450 1531 523 1582 sunt
550 1516 677 1582 illorum
709 1515 869 1584 audientes
900 1516 1057 1598 homines,
1088 1533 1117 1583 et
1146 1533 1288 1603 putantes

220 1647 332 1690 ornnes
355 1646 414 1691 nos
437 1623 514 1690 tales
538 1646 617 1706 esse,
637 1639 777 1690 avertant
799 1647 889 1690 aures
913 1647 984 1690 suas
1008 1647 1025 1690 a
1051 1625 1217 1712 praeconio
1236 1647 1290 1690 ve-

219 1733 334 1798 ritatis:
359 1747 412 1796 aut
435 1747 465 1798 et
488 1729 629 1797 videntes
652 1753 731 1820 quae
753 1748 826 1796 sunt
848 1729 986 1811 illorum,
1010 1753 1122 1797 omnes
1146 1754 1205 1798 nos
1225 1729 1290 1797 bla-

221 1839 396 1927 sphement,
426 1840 459 1904 iu
482 1839 571 1904 nullo
594 1839 639 1904 eis
663 1839 944 1917 communicantes,
967 1861 1068 1927 neque
1092 1840 1124 1904 in
1149 1835 1288 1905 doctrina

220 1967 319 2032 noque
338 1945 371 2010 in
385 1941 537 2026 moribus,
550 1965 651 2032 neque
662 1943 694 2010 in
706 1941 885 2032 quotidiana
897 1943 1184 2011 conversatione.<¹>
1229 1941 1290 2012 Sed

289 2178 317 2242 3.
342 2157 462 2244 Τέχναις
484 2159 537 2221 οὖν
560 2161 691 2242 μογικλις
714 2155 922 2243 ἐξεργάζοντιιι
936 2160 989 2222 καὶ
1013 2159 1165 2239 ἐποιοιδὲις,
1182 2158 1289 2243 ρίλτρα

220 2285 252 2328 τε
270 2266 323 2328 κοιλ
341 2265 512 2349 papalum,
531 2261 697 2348 παρέδρους
712 2285 745 2326 τε
760 2264 812 2326 καὶ
828 2260 1061 2347 ὁνειροπὸμπους
1076 2266 1129 2327 καὶ
1144 2267 1182 2327 τὰ
1198 2264 1290 2328 λοιπὰ

220 2369 469 2455 κακουργήματα,
493 2368 660 2453 φάσκοντες
681 2367 816 2446 ἐξουσίαν
831 2369 913 2454 ἔχειν
928 2372 1002 2454 πρὸς
1019 2373 1054 2434 τὸ
1071 2370 1218 2455 κυριεύειν
1233 2369 1290 2455 ἤδη

220 2485 277 2540 τῶν
296 2473 450 2562 ἀρχόντων
468 2478 521 2540 καὶ
538 2485 667 2560 ποιητῶν
685 2477 772 2540 τοῦδε
790 2484 843 2540 τοῦ
860 2476 988 2560 κόσμου,
1009 2479 1044 2540 οὐ
1063 2479 1122 2562 μὴν
1140 2477 1291 2543 ἀλλὰκαὶ

221 2592 279 2646 τῶν
295 2583 328 2646 ἐν
345 2584 426 2666 αὐτῷ
441 2583 615 2666 ποιημάτων
634 2582 789 2646 ἁπάντων·
810 2584 914 2660 οἵτινες
928 2585 980 2646 καὶ
996 2585 1079 2648 αὐτοὶ
1095 2585 1136 2660 εἰς
1151 2584 1291 2670 διαβολὴν

221 2699 273 2754 τοῦ
304 2688 390 2753 θείου
413 2699 466 2773 τῆς
498 2689 686 2773 Ἐκτιλησίας
716 2686 861 2774 ὀνόματος
892 2692 965 2774 πρὸς
988 2693 1026 2753 τὰ
1049 2691 1135 2776 ἔθνη,
1158 2691 1217 2755 ὑπὸ
1239 2701 1292 2755 τοῦ

223 2795 344 2860 Σατανᾶ
375 2795 620 2882 προεβλήθησαν,
653 2797 700 2859 ἵνα
730 2793 800 2860 κατ’
812 2795 906 2859 ἄλλον
927 2797 980 2859 καὶ
1002 2796 1096 2860 ἄλλον
1123 2795 1233 2880 τρόπον
1255 2800 1293 2860 τὰ

221 2901 342 2966 ἐκείνων
365 2902 527 2978 ἀκούοντες
548 2902 713 2985 ἄνθρωποι,
729 2904 781 2965 κοιλ
797 2902 955 2978 δοκοῦντες
978 2903 1058 2986 ἡμᾶς
1072 2902 1186 2979 πάντας
1200 2902 1293 2966 corod-

221 3026 290 3083 τους
308 3007 465 3093 ὑπάρχειν,
485 3005 695 3093 ἀποστρὲφιυσι
713 3010 768 3084 τὰς
786 3007 881 3083 ἀκοὰς
896 3010 994 3071 αὐτῶν
1009 3009 1070 3072 ἀπὸ
1085 3015 1138 3071 τοῦ
1153 3016 1206 3092 τῆς
1221 3007 1292 3091 ἀλη-

221 3113 307 3190 θείας
326 3113 528 3198 κηρύγματος,
549 3111 582 3202 [ῆ
604 3110 670 3201 καὶ]
695 3111 854 3199 βλέποντες
869 3116 907 3177 τὰ
922 3114 1043 3178 ἐκείνων
1062 3117 1197 3191 ἅπαντας
1215 3115 1294 3199 ἡμᾶς

225 3219 440 3306 βλασφημῶσιν
450 3270 474 3286 ..
486 3268 493 3285 .

259 3440 301 3505 (ι)
314 3437 388 3490 Rom.
401 3435 483 3504 llI‚3.
514 3435 617 3490 Similia
627 3453 732 3507 prorsus
787 3437 840 3503 (De
869 3437 983 3508 Republ.)
1011 3439 1081 3492 male
1109 3451 1292 3510 exaggeratur.

223 3522 291 3591 apud
307 3519 450 3574 Τειιτυιι.
469 3521 586 3592 Apolog.;
601 3519 684 3574 Oaro.
699 3519 730 3573 C.
786 3521 903 3574 Textum
932 3533 1021 3575 autern
1047 3522 1115 3576 lren.
1140 3525 1293 3594 corruptum

227 3603 304 3669 Cels.;
319 3605 413 3659 Errrrr.
424 3607 441 3658 l.
452 3622 473 3658 c.
482 3599 630 3676 ‘omnesque
643 3607 731 3676 apolo·
785 3606 822 3659 ita
836 3605 951 3659 Massuet
972 3607 1100 3660 restituit:
1126 3627 1140 3656 ιι
1150 3607 1200 3660 Sed
1210 3609 1293 3660 vitam

222 3689 399 3761 getas-De
410 3691 497 3760 pravis
507 3690 633 3743 doctrinis
644 3691 732 3770 huius·
789 3709 803 3740 ιι
813 3691 919 3762 quidem
954 3691 1117 3744 luxuriosam
1151 3691 1293 3762 [ducunt];

223 3775 296 3827 modi
316 3775 451 3845 specimen
464 3791 496 3828 ex
512 3773 649 3845 Epiphane
664 3774 732 3845 apud
788 3775 973 3828 «sententiam
1001 3787 1090 3828 autent
1118 3776 1226 3846 impiam
1253 3775 1293 3844 [ut

223 3857 308 3910 Creu.
320 3858 365 3923 lll,
381 3873 406 3924 2,
421 3859 465 3911 ubi
478 3875 566 3912 rerum
580 3858 732 3928 quatumvis
789 3858 917 3928 negant]
953 3858 986 3912 ad
1020 3860 1142 3912 velamen
1175 3858 1293 3912 malitiae

222 3953 248 3994 et
260 3941 402 3995 mulierum
410 3958 515 4013 quoque
523 3942 732 3996 communicatio
790 3942 930 4012 «ipsorum
945 3942 1113 4012 [christiano]
1128 3943 1236 3996 nomine
1249 3943 1293 3995 ab·

223 4025 406 4096 praescribitur
419 4026 498 4079 simul
511 4037 536 4078 et
546 4026 660 4080 exercita
673 4043 730 4096 per-
789 4047 802 4076 «
814 4037 923 4079 utuntur
935 4038 1019 4079 etc».
1058 4026 1120 4079 Non
1133 4038 1224 4080 tamen
1236 4043 1293 4080 orn·

221 4109 335 4164 hibetur.
380 4110 507 4164 Ceterum
526 4110 561 4163 ibi
581 4127 684 4181 quoque
703 4123 730 4163 ut
787 4111 832 4163 nia
860 4127 927 4181 quae
954 4111 1098 4181 supplenda
1122 4111 1208 4164 innuit
1232 4123 1294 4168 sunt

222 4194 298 4248 docet
318 4194 444 4248 Clemens
469 4195 589 4248 doctrina
612 4195 730 4248 Platonis
788 4195 943 4248 necessaria.
981 4193 1035 4248 cfr.
1055 4194 1150 4265 Epiph.
