3274 5100
235 471 373 538 (xxvlll,
394 471 443 540 8).]
654 471 744 518 arsen
768 471 881 517 narnus
1238 469 1301 534 299

235 684 344 755 genter
360 666 549 754 cognovisse
566 665 685 747 dicunt,
701 680 731 731 et
751 664 854 731 solum
875 687 948 752 prae
964 665 1093 734 caeteris
1109 687 1304 754 cognoscen-

234 790 299 841 tem
318 775 493 854 veritatem,
512 771 678 862 perfecisse
697 771 884 861 proditionis
903 772 1109 858 mysterium:
1134 795 1300 861 perquem

235 899 266 949 et
277 898 400 950 terrena
411 898 442 947 et
454 881 597 948 caelestia
613 884 721 946 omnia
736 877 886 946 dissoluta
900 879 1019 947 dicunt.
1065 880 1104 946 Et
1119 877 1304 946 confinctio-

236 975 308 1055 nem
332 987 466 1055 afferunt
488 985 682 1068 huiusmodi,
702 985 795 1052 Iudae
815 986 1021 1074 Evangelium
1044 984 1119 1053 illud
1142 1004 1302 1053 vocantes.

304 1115 334 1161 2.
357 1095 425 1161 Iam
444 1110 549 1161 autem
565 1110 595 1160 et
609 1094 721 1182 collegi
736 1116 849 1160 eorum
865 1095 1123 1182 conscriptiones,
1139 1095 1171 1162 in
1189 1093 1302 1182 quibus

234 1201 406 1269 dissolvere
439 1223 533 1289 opera
564 1202 716 1288 Hysterae
743 1198 963 1280 adhortantur;
995 1201 1164 1286 Hysteram
1196 1217 1301 1268 autem

237 1306 455 1374 fabricatorem
474 1308 550 1374 caeli
575 1325 605 1374 et
628 1324 728 1374 terrae
750 1323 882 1375 vocant:
906 1327 963 1374 nec
983 1309 1069 1373 enirn
1088 1307 1174 1374 aliter
1191 1307 1302 1373 salvari

234 1438 290 1481 eos
313 1416 373 1481 nisi
400 1437 455 1502 per
485 1415 592 1481 omnia
622 1431 703 1496 eant,
733 1412 1004 1501 quemadmodum
1034 1432 1065 1479 et
1096 1414 1301 1501 Carpocrates

234 1520 364 1588 dinae>
408 1522 446 1588 Et
470 1524 502 1589 in
525 1545 716 1611 unoquoque
739 1539 940 1609 peccatorum
971 1543 1001 1586 et
1025 1522 1164 1609 turpium
1193 1544 1302 1609 opera-

234 1631 357 1695 tionum
376 1629 522 1716 angelum
543 1631 697 1712 assistere,
713 1645 744 1694 et
759 1645 941 1717 operantem
959 1626 1071 1695 audere
1091 1626 1252 1694 audaciam
1271 1645 1302 1694 et

234 1732 468 1802 immunditiam
489 1734 654 1814 inferre,(²)
677 1735 708 1802 id
731 1733 815 1824 quod
839 1736 920 1800 inest
942 1736 971 1800 ei
991 1735 1175 1822 operationi,
1200 1735 1299 1822 angeli

234 1843 363 1908 nomine
386 1838 524 1908 edicere:
551 1841 615 1910 «O
640 1858 673 1908 tu
698 1842 818 1928 angele,
849 1841 961 1907 abutor
984 1864 1078 1929 opere
1105 1859 1178 1910 tuo:
1210 1839 1242 1908 O
1268 1859 1300 1906 tu

240 1947 316 2012 «illa
340 1963 488 2034 potestas,
514 1945 641 2035 perficio
668 1962 755 2012 tuam
785 1947 1039 2033 operationem.»
1087 1946 1126 2012 Et
1150 1946 1210 2012 hoc
1233 1969 1302 2012 esse

235 2055 397 2120 scientiam
420 2053 600 2142 perlectam,
617 2055 683 2119 sine
699 2069 836 2120 tremore
850 2055 882 2119 in
898 2054 974 2120 tales
990 2052 1074 2120 abire
1092 2055 1300 2142 operationes,
1400 2087 1403 2096 ·

234 2182 309 2247 quas
332 2183 372 2226 ne
395 2161 559 2227 nominare
580 2159 708 2247 quidem
734 2159 779 2226 fas
803 2178 859 2226 est.

233 2325 279 2373 τὸν
297 2324 429 2388 προδότην
448 2325 478 2373 δὲ
498 2322 601 2374 Ἰούδαν
614 2325 694 2387 μόνον
707 2325 740 2373 ἐκ
751 2325 857 2375 πάντιυν
869 2327 921 2374 τῶν
937 2322 1093 2374 ἀποστόλων
1108 2323 1206 2387 ταύτην
1220 2323 1301 2388 ἐσχη-

233 2413 309 2462 ιιὲναι
327 2413 375 2476 τὴν
388 2416 483 2476 γνῶσιν
497 2409 569 2480 φασί,
582 2415 628 2462 και
641 2413 685 2462 διὰ
697 2416 775 2462 τοῦτο
788 2414 818 2461 τὸ
832 2417 879 2476 τῆς
891 2409 1033 2474 προδοσίας
1047 2414 1189 2476 ἐνεργῆσαι
1202 2411 1299 2475 μυστή-

234 2515 297 2570 ριον.
333 2501 498 2570 Προφάρυυσι
517 2503 547 2552 δὲ
566 2499 646 2552 αὑτοῦ
660 2501 886 2565 καὶεύαγγέλιον,
899 2502 963 2563 δπορ
976 2495 1280 2551 exstimulandum.
1294 2496 1297 2566 1

234 2591 287 2640 Καὶ
304 2589 378 2640 ἀλλα
396 2591 455 2640 τινὰ
472 2591 663 2658 συγγράμματα
681 2589 807 2651 ὡσαύτως
824 2589 984 2640 πλάττονται
1006 2591 1077 2639 κατὰ
1095 2593 1143 2654 τῆς
1162 2589 1299 2651 'lacteae'

233 2680 266 2743 ῆν
278 2679 402 2742 'roesam
412 2679 457 2729 τὀν
467 2681 579 2744 ποιητὴν
594 2677 640 2728 τοῦ
652 2679 790 2739 πάντας...
804 2677 915 2740 οὐρανοῦ
929 2692 957 2728 τι
971 2681 1017 2728 καὶ
1030 2682 1080 2742 γῆς
1092 2677 1212 2728 καλοῦσι.
1248 2677 1301 2726 Καὶ

234 2769 268 2832 μὴ
289 2765 420 2818 δύνασθαί
439 2783 503 2832 φασι
522 2765 698 2833 σωθήσεσθαί
716 2783 782 2829 τινα,
801 2769 848 2818 ἐὰν
861 2770 896 2834 μὴ
911 2769 955 2818 διά
967 2769 1071 2818 πάντων
1087 2769 1251 2833 χωρήσουσιν,
1265 2768 1301 2827 ὡς

233 2860 279 2906 και
294 2857 309 2907 ἀ
324 2858 518 2923 Καρπονιράτης
539 2857 639 2924 lirani
678 2858 731 2909 Καὶ
754 2859 788 2908 τὰ
812 2857 975 2922 ἀπειρημένα
998 2859 1166 2926 πράττοντες,
1181 2856 1300 2920 ἀγγέλου

233 2947 302 3007 τινὸς
315 2945 480 3011 ἐπιλέγουσιν
493 2947 585 3010 ὄνομα,
598 2947 633 3006 ὡς
646 2947 740 3010 ἐκείνῳ
751 2945 836 3010 δῆθεν
847 2947 894 3010 τὴν
904 2946 1047 3010 ἀσέλγειαν
1060 2946 1237 3011 χαριζόμενοι,
1251 2959 1300 3012 φα-

234 3030 281 3086 uiu.
308 3035 363 3086 «¹0
389 3037 463 3086 δεῖνα
486 3035 597 3099 ἄγγελε,
615 3030 793 3099 καταχρῶμαὶ
818 3048 865 3084 σου
890 3035 920 3084 τὸ
939 3035 1030 3102 ἔργον·
1050 3035 1067 3099 ἡ
1090 3036 1164 3084 δεῖνα
1185 3033 1299 3092 ἀξυυυία,

237 3141 250 3172 ιι
259 3125 364 3188 πράττω
383 3139 430 3174 σου
448 3125 497 3188 τὴν
515 3123 645 3192 πράξινυ·
684 3125 736 3174 Καὶ
755 3123 833 3175 τοῦτο
851 3129 947 3188 γνῶσις
966 3123 1057 3175 τελεία
1071 3122 1133 3187 παρ’
1144 3124 1233 3184 αὐτοῖς
1246 3123 1301 3171 ἐστι

233 3214 385 3280 λεγόμενον,
404 3215 491 3275 ἀδεῶς
510 3215 553 3264 ἐπὶ
571 3215 618 3274 τὰς
636 3213 781 3277 ἀθεμίτους
799 3215 985 3278 αἰσχρουργίας
1004 3215 1098 3282 ὁρμᾷν.

269 3363 310 3428 (ι)
339 3365 583 3428 ’Υοτάραευιετυπ
630 3361 738 3431 Aliquid
828 3361 870 3427 (2)
893 3360 974 3412 «Nisi
999 3360 1129 3430 scripserit
1149 3359 1182 3412 lr.
1201 3363 1300 3426 &vace-

233 3445 273 3498 his
292 3446 378 3500 simile
406 3445 484 3499 refert
506 3445 619 3498 Hraeoa.
641 3444 674 3509 V,
699 3459 738 3509 ιιι,
796 3461 874 3508 «perv
893 3445 963 3514 quod
980 3445 1046 3497 verti
1063 3444 1193 3498 debuisset
1212 3445 1301 3512 offerre

237 3544 267 3599 19
279 3529 323 3583 fin.
340 3531 383 3584 ubi
396 3531 476 3583 chaos
487 3530 585 3600 precise
598 3541 637 3582 est
651 3527 716 3581 «ins
729 3559 739 3568 -
797 3544 875 3580 anon
903 3529 1005 3596 inferre,
1025 3527 1120 3581 inferre
1138 3528 1181 3580 hic
1200 3527 1300 3597 accipio

235 3615 293 3667 «lix
313 3627 339 3668 et
358 3613 475 3686 impurus
495 3627 583 3668 uterus
602 3614 739 3684 incompo-
797 3631 810 3660 u
821 3629 869 3681 pro
887 3613 1037 3675 attribuere,
1053 3613 1207 3676 adscribere,
1222 3622 1248 3664 et
1264 3611 1300 3663 sic

236 3699 322 3751 usitus
332 3719 345 3749 υ
367 3716 446 3770 quem
469 3715 575 3769 serpens
594 3698 740 3768 ingreditur
798 3717 810 3744 ιι
821 3695 853 3748 Ιτ.
868 3697 947 3749 verba
958 3696 1129 3766 interpretor:
1144 3706 1301 3766 operantem

233 3800 261 3836 ac
278 3782 430 3838 foecundat.
467 3784 594 3837 Cuiusrei
609 3784 740 3837 etiamin-
797 3800 811 3830 ιι
822 3781 918 3833 audere
939 3780 1076 3833 audaciam
1105 3792 1130 3833 et
1157 3778 1301 3832 immundi-

231 3867 739 3938 gressunaChristiinuterumVirginis.
797 3866 887 3918 «tiam
906 3866 930 3918 ei
950 3866 1091 3918 attribuere
1101 3887 1126 3918 υ.
1169 3865 1207 3917 lta
1227 3864 1301 3916 Mas·

232 3953 377 4024 imaginem
392 3970 449 4007 esse
461 3954 572 4024 turpiter
588 3953 739 4006 asserebant
792 3965 869 4002 suar.
882 3979 918 3988 —-
937 3948 1036 4002 Auden
1055 3950 1114 4004 loco
1132 3949 1219 4000 audire
1238 3947 1300 4001 scri·

231 4035 289 4103 (cfr.
314 4054 417 4107 quoque
437 4039 524 4090 locum
546 4036 649 4104 Quuesl.
672 4037 738 4088 Bar·
793 4035 832 4106 psi
851 4053 883 4088 ex
903 4033 975 4086 Vara
1001 4033 1017 4086 f.
1044 4048 1104 4086 aaa
1125 4034 1182 4102 (ubi
1204 4033 1300 4104 legitur

232 4120 314 4173 tolum.
328 4123 354 4174 in
365 4121 484 4175 Zeilschr.
493 4121 516 4192 s.
531 4130 594 4174 aeut.
610 4121 740 4186 Νίσαια,
795 4120 968 4186 reccidere»)
992 4117 1086 4172 exinde
1105 4135 1207 4188 quoque
1233 4115 1299 4170 infra

235 4219 310 4274 1902,
330 4223 355 4275 p.
375 4203 436 4273 236.
795 4225 808 4254 ιι
818 4205 920 4257 edicere
930 4225 942 4252 ,ι
962 4204 1021 4256 loco
1038 4202 1170 4259 ‹adiceret›
1188 4199 1298 4270 reposui.
