3288 5060
361 417 424 480 262
649 433 777 481 nemer
802 433 962 480 inversos
985 433 1141 480 ninnnsrs
1265 429 1363 499 [xxm
1379 445 1427 496 2-3

425 648 454 694 2.
487 628 566 694 Eam
594 629 699 716 igitur,
726 649 805 715 quae
836 626 981 693 similiter
1011 643 1103 714 atque
1130 625 1182 692 illa
1211 625 1282 692 Iesu
1313 628 1429 708 aalma,

357 752 459 823 potest
483 751 685 801 contemnere
709 732 820 800 mundi
846 731 1049 800 fabricatores
1075 732 1252 814 archontas,
1285 733 1430 799 similiter

357 843 495 930 accipere
518 843 649 908 virtutes
664 838 702 907 ad
722 837 915 929 operandum
939 840 1065 906 similia.
1112 840 1313 928 Quapropter
1336 857 1367 906 et
1390 839 1428 907 ad

357 965 479 1014 tantum
503 948 645 1014 elationis
669 949 808 1035 provecti
833 964 915 1027 sunt,
946 965 981 1012 ut
1006 945 1134 1036 quidam
1157 946 1285 1036 quidem
1309 947 1428 1014 similes

358 1078 391 1122 se
407 1079 475 1122 esse
493 1055 598 1123 dicant
615 1055 703 1121 Iesu:
727 1054 854 1143 quidam
874 1071 979 1120 autem
1000 1051 1100 1121 adhuc
1125 1070 1154 1120 et
1178 1052 1352 1122 secundum
1372 1055 1429 1120 ali-

356 1161 431 1249 quid
455 1162 510 1229 illo
534 1160 690 1243 fortiores,
716 1162 771 1250 qui
794 1178 868 1227 sunt
890 1159 1039 1228 distantes
1063 1160 1198 1248 amplius
1224 1185 1319 1250 quam
1344 1161 1428 1227 illius

355 1269 508 1356 discipuli,
532 1284 566 1334 ut
590 1285 662 1355 puta
690 1291 786 1355 quam
808 1268 921 1334 Petrus
953 1284 983 1333 et
1007 1267 1132 1350 Paulus,
1160 1283 1190 1334 et
1219 1267 1329 1356 reliqui
1353 1291 1428 1356 apo-

357 1374 489 1441 stoli:(¹)
516 1369 575 1440 hos
606 1389 711 1440 autem
734 1374 768 1438 in
791 1373 878 1438 nullo
900 1372 1091 1440 deminorari
1119 1397 1136 1439 a
1166 1373 1247 1438 Iesu.
1293 1374 1427 1439 Animas

356 1482 441 1546 enim
465 1481 607 1568 ipsorum
631 1503 668 1546 ex
692 1479 800 1546 eadem
820 1479 1057 1546 circumlatione
1080 1477 1291 1560 devenientes
1306 1497 1336 1544 et
1356 1479 1427 1546 ideo

355 1586 498 1653 similiter
527 1601 766 1652 contemnentes
795 1583 904 1651 mundi
933 1583 1145 1667 fabricatores,
1173 1583 1282 1653 eadem
1315 1586 1428 1674 dignas

355 1694 474 1760 habitas
490 1716 558 1762 esse
574 1695 699 1774 virtute,
716 1709 746 1758 et
763 1715 870 1758 rursus
889 1693 922 1758 in
941 1691 1026 1760 idem
1045 1693 1139 1759 abire.
1187 1693 1220 1761 Si
1234 1694 1305 1781 quis
1320 1710 1425 1759 autem

355 1801 542 1889 plusquam
566 1799 618 1865 ille
641 1799 865 1886 contempserit
888 1821 923 1864 ea
946 1821 1025 1887 quae
1049 1815 1121 1865 sunt
1149 1798 1210 1880 hic,
1240 1822 1334 1887 posse
1360 1823 1428 1866 me-

356 1907 469 1974 liorem
493 1929 588 1996 quam
613 1906 702 1972 illum
728 1929 806 1971 esse.
1428 1902 1430 1906 ’

427 2140 455 2186 2.
481 2121 545 2205 Τὴν
565 2123 616 2184 ούν
632 2119 740 2206 ἐμοέως
758 2119 859 2205 taetri
880 2129 919 2204 τῇ
934 2129 986 2184 τοῦ
1002 2119 1136 2205 Χριστοῦ
1153 2121 1239 2205 ψυχῇ
1261 2119 1427 2205 δυναμένην

355 2237 581 2312 καταφρονῆσαι
601 2237 660 2292 τῶν
675 2236 867 2312 κοσμοποιῶν
887 2225 1050 2312 ἀρχόντων,
1064 2226 1172 2310 ὁμοίως
1195 2226 1356 2314 λαμβέινειν
1378 2227 1427 2290 δύ-

355 2355 441 2418 ναμιν
464 2337 536 2419 πρὸς
558 2337 592 2398 το
615 2333 724 2418 πρᾶξαι
753 2337 791 2398 τὰ
819 2335 925 2420 ὅμοια·
952 2333 997 2398 διδ
1023 2335 1075 2397 καὶ
1102 2334 1144 2412 εἰς
1169 2344 1257 2398 τούτο
1279 2337 1314 2398 τδ
1336 2343 1426 2419 τῦφος

356 2441 610 2526 κατεληλύθασιν,
627 2442 706 2504 ὥστε
722 2445 790 2516 τούς
813 2443 867 2525 μέν
890 2441 1009 2526 epotam
1032 2442 1113 2524 αὐτῷ
1136 2442 1209 2504 εἶναι
1232 2440 1353 2526 λέγουσι
1383 2449 1426 2521 τῷ
1511 2455 1514 2459 ’

356 2547 470 2633 Ἰητοῶ,
487 2551 554 2623 τούς
577 2548 610 2610 δὲ
632 2545 684 2610 καί
706 2568 735 2610 τι
757 2545 986 2630 δυνατωτέρους,
1011 2549 1091 2623 τινὰς
1116 2547 1151 2610 δέ
1172 2549 1227 2611 καὶ
1248 2545 1426 2630 διαφορωτέ-

357 2675 425 2737 ρους
455 2663 514 2717 τῶν
540 2653 656 2718 ἐκείνου
680 2654 836 2738 μαθητῶν,
860 2655 921 2717 οἷον
944 2652 1062 2736 Πέτρου
1084 2654 1136 2717 καὶ
1151 2651 1277 2718 Παύλου
1299 2653 1353 2716 καὶ
1368 2661 1426 2715 τῶν

355 2762 468 2825 λοιπῶν
489 2757 686 2824 ἀποστόλων·
710 2760 833 2837 τούτους
854 2759 888 2822 δὲ
907 2762 987 2823 κατὰ
1009 2759 1101 2843 μηδὲν
1124 2759 1349 2824 ἀπολείπεσθαι
1372 2767 1425 2822 τοῦ

356 2867 469 2952 Ἰησοῦ.
518 2868 582 2944 Τὰς
602 2869 635 2931 δὲ
661 2869 764 2951 ψυχὰς
789 2869 886 2931 αὐτῶν
911 2865 948 2931 ἐκ
974 2877 1028 2950 τῆς
1052 2847 1426 2952 ύπερκειμένφςέξουσέας

356 2973 519 3058 παρούσας,
543 2975 597 3036 καὶ
619 2973 667 3036 διὰ
689 2981 776 3036 τοῦτο
799 2971 941 3049 ὡσαύτως
960 2972 1205 3058 καταφρονούσας
1229 2981 1287 3036 τῶν
1310 2990 1426 3056 κοσμο-

334 3090 456 3164 ςποιῶν,
480 3090 531 3165 τῆς
553 3081 645 3164 αὐτῆς
669 3078 819 3163 ἠξιῶσθαι
843 3079 1006 3163 δυνάμεως,
1029 3080 1082 3142 καὶ
1108 3079 1197 3155 αύδις
1225 3079 1267 3155 εἰς
1294 3081 1327 3142 τὸ
1351 3080 1424 3141 αὐτὸ

354 3196 502 3271 χωρῆσαι.
550 3185 588 3250 Εἰ
603 3184 636 3248 δέ
646 3207 688 3260 τις
704 3184 820 3250 ἐκείνου
833 3183 926 3248 πλέον
943 3184 1198 3269 καταφρονήσειεν
1208 3194 1267 3249 τῶν
1279 3184 1424 3265 ἐνταῦθα,

354 3291 502 3356 δύνασθαι
524 3290 741 3375 διαφορώτερον
763 3294 855 3355 αὐτοῦ
877 3291 1033 3376 ύπὲιρχειν.

359 3508 372 3537 (ι
382 3491 536 3558 σαρτήματα
555 3487 571 3539 i.
592 3504 613 3539 e.
634 3486 805 3557 appendices:
836 3498 862 3539 et
920 3486 977 3538 «sis
993 3486 1056 3539 dicit
1069 3486 1186 3538 animam
1201 3503 1267 3557 quae
1280 3487 1351 3556 prius
1364 3503 1424 3555 pec·

358 3588 411 3624 «ea
430 3587 496 3633 esse,
515 3571 600 3640 quoad
620 3571 771 3633 essentiam,
787 3569 862 3640 spiri·
920 3583 1049 3624 «caverat
1077 3571 1105 3624 in
1132 3571 1183 3624 alia
1212 3571 1276 3637 vita,
1300 3570 1344 3623 hic
1370 3571 1425 3641 pati

357 3667 421 3708 «tus
432 3671 561 3724 appensos
568 3654 673 3707 animae
682 3655 779 3708 rationi
789 3671 862 3725 prae·
920 3655 1123 3726 «supplicium»
1146 3666 1195 3708 etc.
1415 3711 1417 3714 ,

357 3739 451 3792 «ditae
470 3731 862 3809 perquamdamconturbatio-
953 3741 994 3806 (1)
1023 3738 1077 3793 Csr.
1108 3740 1200 3794 eadem
1229 3741 1262 3794 de
1286 3739 1425 3792 Marcosiis

357 3841 442 3877 «nem
474 3835 499 3876 et
527 3823 709 3876 confusionem
737 3823 862 3894 primige·
916 3824 988 3888 XIII,
1007 3823 1032 3876 6.
1069 3824 1223 3878 H1PP.Ioco
1246 3825 1422 3895 «quisunt»

357 3909 477 3961 ‹iniamn
500 3920 549 3962 etc.
587 3908 658 3961 Nota
677 3909 752 3978 plura
771 3926 785 3960 a
801 3907 861 3960 Cle·
916 3909 995 3962 habet
1007 3911 1079 3972 τινάς
1090 3909 1106 3961 i.
1120 3925 1142 3963 e.
1159 3909 1290 3980 «quidam
1303 3920 1365 3971 et»,
1378 3907 1426 3960 sed

353 4006 443 4047 mente
462 3993 568 4045 Basilidi
584 4010 688 4064 quoque
701 3993 780 4046 tribui
795 4009 862 4064 quae
916 3995 994 4047 lectio
1001 3993 1261 4064 interpretisloveael
1268 3993 1354 4063 magis
1364 4009 1424 4045 cum

353 4077 788 4148 potiusCarpocraticonvenirent.
807 4076 861 4130 Csr.
916 4095 986 4149 seqq.
994 4094 1141 4131 consonare
1149 4077 1261 4132 videtur.
1280 4076 1334 4131 cfr.
1342 4077 1426 4130 etiam

353 4179 377 4214 v.
394 4179 419 4232 g.
439 4161 484 4226 IV,
504 4177 548 4214 12:
570 4161 713 4215 «Basilidis
731 4161 862 4234 hypothe-
915 4173 1019 4215 textum
1036 4161 1185 4232 Epiphanii.
