3274 5100
193 523 291 592 (xxll,
307 525 389 594 1-2).]
588 526 676 572 maen
700 525 864 572 sucuuuus
1196 504 1254 586 381

192 720 296 787 sibiles
309 719 560 808 perseverabunt.
603 721 678 788 Non
692 721 779 788 enim
795 721 859 787 iam
870 719 1024 807 quosdam
1040 716 1259 806 impassibiles,

191 825 345 915 quosdam
370 845 474 894 autem
498 827 660 915 passibiles
683 843 815 915 possunt
838 850 876 892 ex
898 824 951 892 tali
970 825 1142 892 emissione
1161 823 1260 890 confi-

192 935 260 1000 teri.
307 934 340 1001 St
363 935 457 1022 igitur
481 955 594 1001 omnes
617 932 823 1021 impassibiles
846 932 965 1012 dicunt,
980 931 1038 1019 ipsi
1054 954 1148 997 suum
1168 954 1261 1018 argu-

194 1057 336 1107 mentum
366 1039 553 1107 dissolvunt.
612 1039 789 1121 Quomodo
819 1040 904 1106 enim
933 1059 1043 1126 passus
1078 1053 1125 1103 est
1154 1038 1260 1102 minor

193 1150 295 1228 Aeon,
312 1148 337 1213 si
355 1169 467 1214 omnes
478 1164 565 1213 erant
580 1145 809 1235 impassibiles?
854 1146 886 1213 Si
899 1161 1004 1212 autem
1021 1167 1134 1210 omnes
1153 1143 1260 1210 dicunt

193 1255 392 1342 participasse
410 1255 564 1341 passionis
581 1253 683 1334 huius,
700 1249 986 1342 (quemadmodum
1001 1250 1130 1339 quidam
1146 1249 1261 1316 audent

193 1358 308 1439 dicere,
330 1361 402 1447 quia
425 1383 442 1426 a
465 1359 557 1447 Logo
579 1357 706 1446 quidem
732 1359 844 1445 coepit,
864 1355 1015 1423 derivatio
1031 1375 1137 1423 autem
1151 1357 1184 1422 in
1202 1355 1262 1422 So-

194 1465 329 1556 phium),
340 1467 374 1519 (¹)
397 1467 429 1532 in
453 1466 590 1554 logum,
610 1465 702 1532 huius
726 1466 801 1532 Nun
826 1463 1058 1552 Propatoris,(²l
1081 1464 1261 1552 passionem

193 1590 376 1640 revocantes
400 1590 578 1661 arguentur,
603 1590 633 1638 et
656 1574 731 1640 Nun
755 1573 938 1659 Propatoris
962 1588 992 1638 et
1010 1572 1114 1658 ipsum
1134 1571 1260 1636 Patrem

194 1683 226 1747 in
249 1682 394 1769 passione
419 1681 514 1747 fuisse
537 1681 733 1748 confitentes.
780 1681 856 1746 Non
880 1681 977 1762 enim,
993 1695 1027 1745 ut
1047 1679 1261 1766 compositum

194 1787 321 1868 animal,
344 1787 492 1876 quiddam
517 1804 563 1854 est
586 1789 731 1854 omnium
755 1789 847 1854 Pater
866 1804 985 1874 praeter
1005 1787 1092 1866 Nun,
1110 1784 1262 1874 quemad-

196 1894 328 1960 modum
359 1894 640 1982 praeostendimus,
675 1894 728 1961 sed
760 1894 830 1961 Nus
863 1895 965 1974 Pater,
997 1909 1028 1960 et
1060 1894 1151 1960 Pater
1179 1893 1260 1960 Nus.

194 2001 332 2066 Necesse
354 2017 401 2067 est
424 2001 526 2087 itaque
550 2018 580 2067 et
604 2019 678 2067 eum
701 2001 753 2088 qui
774 2023 811 2065 ex
835 2023 874 2066 eo
897 2000 1015 2087 Logos,
1039 1999 1142 2066 immo
1159 2000 1261 2086 magis

195 2124 299 2172 atatem
324 2106 428 2193 ipsum
451 2107 537 2186 Nun,
560 2129 659 2194 quum
679 2107 720 2171 sit
738 2105 856 2192 LogOS,
876 2103 1049 2193 perlectum
1069 2121 1099 2172 et
1118 2105 1263 2192 impassi-

195 2212 289 2279 bilem
319 2236 403 2292 esse;
426 2229 457 2279 et
480 2235 531 2278 eas
554 2235 633 2300 quae
661 2235 700 2278 ex
723 2235 761 2278 eo
791 2228 863 2278 suut
893 2212 1090 2294 emissiones
1120 2211 1260 2278 eiusdem
1310 2279 1313 2284 ,

195 2317 384 2387 substantiae
394 2342 493 2407 quum
511 2321 573 2386 sint
585 2321 674 2387 cuius
686 2336 717 2386 et
732 2321 807 2408 ipse,
823 2318 985 2408 perfectas
999 2335 1028 2386 et
1041 2317 1262 2407 impassibiles,

194 2442 224 2492 et
248 2449 372 2514 semper
395 2427 514 2493 similes
538 2450 611 2494 cum
635 2450 674 2493 eo
698 2448 907 2514 perseverare,
926 2427 980 2514 qui
1003 2448 1054 2492 eas
1073 2427 1187 2492 emisit.

261 2535 291 2600 8.
316 2533 480 2602 Osrnusto
504 2555 655 2607 Quouum
680 2534 792 2600 Locos
809 2553 841 2599 nr
863 2553 1089 2599 usuruurroun
1113 2553 1181 2598 nou
1206 2553 1261 2597 nsr

195 2660 367 2708 moturus.
414 2642 489 2708 Non
513 2641 608 2728 igitur
631 2643 694 2706 iam
718 2640 836 2728 Logos,
860 2641 948 2728 quasi
969 2640 1097 2705 tertium
1117 2636 1260 2705 ordinem

194 2749 404 2835 generationis
428 2745 555 2828 habens
580 2748 736 2834 ignoravit
760 2747 898 2825 Patrem,
916 2745 1186 2833 quemadmodum
1206 2743 1264 2810 do-

194 2869 264 2919 cent
299 2853 395 2920 him)
426 2853 486 2920 hoc
519 2855 604 2918 enim
636 2854 669 2918 in
698 2852 866 2918 hominum
899 2849 1027 2939 quidem
1062 2850 1262 2938 generatione

194 2959 325 3027 fortasse
349 2958 504 3048 putabitur
523 2958 695 3026 verisimile
722 2981 801 3038 esse,
825 2981 864 3024 eo
890 2956 975 3045 quod
1003 2979 1093 3044 saepe
1116 2958 1262 3044 ignorant

194 3088 268 3131 suos
291 3083 451 3154 parentes;
484 3067 516 3132 in
540 3065 631 3152 Logo
655 3083 760 3132 autem
792 3065 891 3130 Patris
923 3063 1111 3130 omnimodo
1143 3065 1263 3150 impos-

194 3172 281 3238 sibile
298 3191 354 3240 est.
401 3174 434 3240 Si
462 3173 546 3238 enim
573 3173 724 3240 exsistens
744 3174 776 3238 in
804 3173 906 3253 Patre,
933 3171 1096 3260 cognoscit
1123 3170 1205 3236 hunc
1229 3172 1262 3235 in

194 3301 258 3366 quo
281 3295 338 3358 est,
362 3279 422 3346 hoc
445 3296 492 3345 est
515 3281 720 3366 semetipsum
740 3301 804 3345 non
828 3281 970 3367 ignorat:
995 3294 1026 3345 et
1044 3300 1124 3365 quae
1147 3276 1184 3343 ab
1201 3277 1262 3342 hoc

195 3404 267 3453 sunt
290 3388 488 3483 emissiones,
511 3388 642 3452 virtutes
658 3388 725 3452 eius
749 3388 944 3466 exsistentes,
968 3401 997 3452 et
1022 3405 1145 3472 semper
1162 3387 1190 3450 ei
1213 3407 1263 3449 as-

195 3495 349 3570 sistentes,
372 3517 436 3560 non
460 3493 648 3582 ignorabunt
672 3517 745 3560 eum
772 3494 825 3582 qui
850 3517 882 3559 se
909 3493 1025 3574 emisit,
1054 3491 1263 3581 quemadmo-

195 3599 271 3668 dum
296 3625 353 3668 nec
377 3601 453 3668 radii
477 3601 589 3668 solem.
604 3599 638 3652 (4)
694 3601 769 3667 Non
792 3601 874 3688 capit
898 3601 991 3688 igitur
1014 3600 1076 3666 Dei
1100 3597 1262 3686 Sophiam,

195 3732 264 3774 eam
288 3731 368 3798 quae
390 3709 471 3775 intra
494 3707 642 3774 Pleroma
658 3725 714 3788 est,
730 3730 829 3796 quum
846 3708 885 3772 sit
900 3730 918 3772 a
933 3707 985 3773 tali
1002 3707 1185 3786 emissione,
1204 3703 1261 3770 sub
1289 3729 1292 3735 ·

230 3920 385 3988 (1)Cfr.1‚
406 3937 478 3986 n‚2.
792 3921 833 3987 (ς)
850 3918 1046 3990 «Propatorem
1079 3919 1184 3988 quidem
1218 3933 1262 3970 eo-

231 4009 273 4072 (2)
297 4005 398 4059 Graece
430 4005 507 4060 fuerit
540 4011 587 4059 stul
620 4009 701 4059 αὐτὸν
759 4022 841 4057 «rum
860 4004 984 4074 cognosci
1003 4003 1052 4056 soli
1071 4003 1161 4056 dicunt
1180 4002 1203 4054 ei
1217 4001 1261 4072 qui

195 4093 264 4143 Νοῦν
277 4094 463 4161 Προποῑτωρος,
476 4092 501 4144 la.
515 4108 537 4145 e.
555 4111 568 4140 a
578 4103 605 4144 et
615 4091 701 4162 ipsum
758 4109 772 4138 a
782 4107 814 4142 ex
832 4105 865 4142 eo
880 4101 958 4141 natus
976 4099 1030 4141 est:
1045 4086 1200 4158 Monogeni,
1210 4085 1261 4138 hoc

199 4175 283 4228 «Nun
302 4176 488 4246 Propatorisu.
515 4177 568 4229 Pro
582 4193 608 4229 κ.
621 4179 700 4229 αὐτὸν
759 4194 772 4222 a
782 4186 830 4235 est,
849 4173 892 4225 No
900 4192 926 4236 »3
946 4173 966 4236 l,
985 4187 1013 4236 11,
1036 4187 1059 4225 r.

196 4260 246 4312 lnt.
267 4261 330 4330 legit
349 4265 452 4314 τούτου.
790 4260 833 4326 (4)
852 4256 905 4310 Cfr.
925 4271 984 4322 xm,
1006 4271 1016 4322 5
1038 4255 1084 4308 fin.
