3274 5100
220 497 330 564 (xt'llt,
350 497 433 566 μιν]
617 499 707 544 trusa
729 497 893 544 secuunus
1224 481 1282 561 361

194 681 199 696 ¹
218 713 247 762 et
268 717 324 782 pro
344 696 454 782 primis
474 717 508 760 ac
528 695 676 760 maximis
695 691 765 775 diis,
784 694 910 759 Aeonas
930 691 1160 771 formaverun13
1180 708 1210 758 et
1229 715 1286 780 pro

218 801 363 868 secundis
382 799 451 884 diis,
470 825 552 884 eam,
571 824 649 889 quae
670 818 716 867 est
736 817 822 867 extra
842 801 999 882 Pleroma,
1016 802 1124 866 matris
1144 802 1286 887 ipsorum

218 923 360 973 enarrant
376 906 627 994 dispositionem,
644 905 814 974 secundam
829 906 1018 994 Ogdoadem
1036 922 1184 972 vocantes
1200 929 1285 985 eam;

218 1013 462 1100 exquamandi
482 1012 729 1094 fabricationem,
749 1029 780 1079 et
798 1013 1037 1101 plasmationem
1058 1012 1225 1079 hominum
1245 1014 1287 1078 si-

219 1119 331 1185 militer
351 1136 442 1207 atque
460 1119 512 1186 ille
531 1121 730 1199 annunciant,
749 1117 962 1184 inenarrabilia
983 1135 1013 1185 et
1037 1120 1194 1206 incognita
1215 1143 1287 1208 my-

218 1228 309 1292 steria
335 1226 419 1292 solos
444 1250 476 1292 se
502 1226 640 1293 dicentes
665 1226 758 1292 scire:
789 1248 868 1312 quae
895 1225 1009 1313 ubique
1036 1227 1068 1291 in
1094 1225 1222 1292 theatris
1247 1226 1285 1292 ab

219 1331 391 1420 hypocritis
422 1331 682 1421 splendidissimis
712 1331 843 1397 vocibus
867 1331 1131 1412 comoedizantur,
1154 1332 1286 1399 transfe-

218 1455 321 1504 rentes
337 1439 369 1504 in
385 1461 477 1504 suum
494 1454 727 1526 argumentum,
741 1439 843 1503 immo
862 1460 939 1503 vero
958 1438 1075 1504 eisdem
1092 1441 1285 1526 argumentis

218 1542 377 1625 docentes
401 1561 523 1610 tantum
547 1545 751 1610 immutantes
774 1545 914 1609 nomina.

288 1672 317 1717 2.
343 1653 382 1718 Et
404 1675 468 1718 non
496 1651 601 1717 solum
624 1673 703 1740 quae
726 1648 806 1737 apud
830 1651 972 1716 comicos
1004 1652 1104 1739 posita
1135 1659 1207 1718 sunt
1237 1676 1286 1719 ar-

220 1776 358 1845 guuntur
382 1759 468 1846 quasi
500 1758 625 1846 propria
655 1755 867 1844 proferentes3
901 1757 954 1823 sed
978 1758 1071 1824 etiam
1095 1781 1173 1847 quae
1205 1759 1283 1847 apud

218 1887 341 1945 omnes,
365 1867 418 1952 qui
443 1866 548 1931 Deum
579 1867 735 1952 ignorant,
758 1880 788 1930 et
810 1865 863 1953 qui
887 1862 1033 1930 dicuntur
1056 1865 1287 1954 philosophi,(¹l

218 1989 289 2036 sunt
313 1970 404 2051 dicta,
429 1971 503 2037 haec
528 1987 718 2060 congregant
746 1987 776 2038 et
799 1971 886 2058 quasi
911 1988 1077 2038 centonem
1110 1996 1146 2037 ex
1179 1973 1285 2038 multis

217 2093 247 2142 et
271 2078 415 2164 pessimis
438 2079 612 2164 panniculis
632 2079 871 2158 consarcientes‚
891 2077 1022 2144 linctum
1042 2077 1285 2166 superficiuml²l

216 2181 322 2248 subtili
342 2183 468 2270 eloquio
488 2182 546 2250 sibi
565 2183 640 2271 ipsis
659 2199 932 2271 praeparaverunt:
953 2207 1069 2250 novam
1089 2183 1216 2272 quidem
1237 2186 1284 2250 in-

215 2289 416 2356 troducentes
435 2288 621 2370 doctrinam,
641 2307 803 2378 propterea
821 2289 905 2379 quod
925 2314 1106 2356 nuncnova
1128 2308 1192 2358 arte
1211 2290 1283 2358 sub-

216 2399 320 2463 stituta
346 2399 398 2463 sit:
423 2415 563 2464 veterem
582 2414 688 2464 autem
707 2414 736 2464 et
756 2398 910 2476 inutilem,
930 2399 1080 2486 quoniam
1098 2397 1225 2487 quidem
1244 2398 1282 2466 de

216 2500 372 2568 veteribus
394 2501 594 2590 dogmatibus
618 2503 827 2590 ignorantiam
851 2521 882 2568 et
908 2502 1172 2589 irreligiositatem
1196 2504 1283 2569 olen-

215 2607 308 2689 tibus,
325 2609 399 2674 haec
416 2608 526 2675 eadem
542 2607 670 2675 subsuta
689 2625 770 2675 sunt.
818 2609 938 2675 Thales
952 2608 1080 2697 quidem
1100 2611 1284 2677 Milesius<³l

215 2795 345 2860 Πρότερον
365 2792 388 2843 δ’
400 2795 450 2844 οὐκ
468 2795 501 2858 ἠν
519 2795 596 2859 γένος
621 2794 724 2844 ἀθανά-

574 2877 646 2944 [των,
665 2875 722 2940 πρὶν

216 2960 323 3028 Ἔρως
342 2962 522 3026 συνέμιξεν
541 2963 721 3014 ἅπαντι...

215 3043 283 3094 Hinc
298 3045 430 3096 Aarsror.
443 3044 504 3097 Met.
515 3048 548 3107 A,
558 3059 588 3108 4:
603 3047 650 3106 Ὠς
660 3047 722 3096 δέον

215 3131 317 3191 ἐντοῖς
342 3131 414 3180 οὖσιν
441 3131 569 3195 ὑπάρχειν
594 3127 722 3180 τίνάἰτὶα

215 3215 272 3277 ἣτις
290 3215 393 3279 κινήσει
411 3217 457 3265 καὶ
472 3215 577 3274 συνάξει
592 3217 624 3265 τὰ
639 3216 721 3283 πράγ-

214 3313 293 3361 ματα,
317 3309 343 3349 et
362 3297 528 3368 Pherecydes
553 3315 593 3367 ap.
619 3298 719 3350 l’nocr..

215 3381 272 3446 (Ad
299 3381 363 3433 Tira.
393 3399 417 3452 p.
440 3381 501 3449 368)
527 3382 604 3434 docet
629 3381 719 3434 lovem

213 3483 325 3535 quoque,
345 3478 373 3518 ut
393 3478 472 3528 creet,
494 3482 551 3518 sese
567 3467 593 3518 in
613 3466 720 3532 Ἔρωτα

212 3550 400 3617 transfigurare
430 3551 491 3620 quia
522 3551 662 3602 concordia
693 3563 719 3604 et

214 3634 300 3685 unitas
319 3635 442 3687 omnibus
461 3634 610 3704 praebenda
630 3647 694 3688 erat.

248 3720 291 3787 (r)
311 3719 383 3772 Haec
402 3719 458 3772 sine
474 3735 567 3771 amaro
579 3718 670 3770 animo
682 3719 721 3771 di-

214 3815 255 3854 cta
275 3819 329 3856 non
349 3803 480 3856 videntur.
517 3802 571 3856 cfr.
591 3803 605 3872 3
625 3819 648 3872 7.

248 3888 290 3956 (2)
310 3890 447 3955 Ἐπιβολή,
460 3889 542 3941 etiam
553 3887 718 3942 aTenTutt.

212 3971 293 4038 (Cull.
312 3971 401 4041 jemin.
425 3989 465 4038 11,
499 3975 542 4041 13)
568 3973 719 4043 superficiem

213 4055 337 4106 redditur.
367 4055 508 4109 Caeterum
520 4057 625 4108 noveris
636 4057 663 4109 in
674 4057 719 4110 do-

212 4139 299 4190 mibus
324 4140 493 4210 Pompeianis
517 4141 719 4212 nonnumqua'm

213 4239 350 4277 occurrere
388 4224 558 4294 figurationes
591 4229 719 4279 snrrnionis

777 2792 894 2862 praelato
913 2805 1026 2846 centone
1045 2793 1143 2858 induti;
1163 2793 1196 2846 ad
1210 2807 1282 2847 vetu-

777 2877 919 2929 stissimam
930 2878 997 2930 hanc
1008 2893 1148 2946 personam
1159 2894 1282 2948 praesens

778 2960 845 3013 lren.
861 2971 963 3013 textum
984 2961 1107 3014 adludere
1127 2962 1282 3031 putaverim.

777 3043 843 3113 [Csr.
857 3045 939 3097 etiam
952 3044 1098 3110 Frcotrotu,
1113 3045 1146 3097 La
1159 3046 1282 3098 arnasclrere

776 3127 885 3180 sceniclae
897 3128 920 3181 d.
931 3135 982 3181 ant.
995 3128 1066 3182 Rom.
1079 3129 1153 3197 1736,
1163 3130 1215 3182 tab.
1224 3129 1282 3200 xtl.

812 3215 854 3280 (3)
873 3212 1028 3283 Respexisse
1052 3213 1154 3267 videtur
1176 3215 1280 3268 lusrrn,

777 3295 903 3365 Cohorl.§
917 3310 927 3364 3
939 3309 965 3350 et
979 3311 1001 3362 5,
1011 3297 1055 3368 qui
1064 3298 1176 3351 omnino
1186 3299 1282 3351 exscri-

775 3381 813 3434 bit
828 3381 961 3434 Arusror.
972 3381 1082 3452 Metuplr.
1092 3386 1125 3446 A,
1141 3397 1163 3449 3:
1176 3385 1282 3450 πλῆθος

774 3471 821 3517 καί
831 3469 862 3518 τὸ
871 3469 942 3530 albae
951 3473 998 3532 τῆς
1007 3473 1132 3534 satanam
1141 3471 1239 3538 ἀρχῆς.
1247 3509 1251 3520 .
1260 3509 1281 3522 ..

775 3553 867 3617 Θαλῆς
877 3554 937 3617 μὲν.
945 3591 950 3603 .
958 3591 964 3604 .
972 3591 977 3602 .
986 3555 1056 3616 ὕδωρ
1066 3551 1133 3605 alvei
1142 3569 1221 3619 φησιν
1231 3565 1280 3606 etc.

777 3634 838 3703 [nec
857 3636 929 3688 deest
948 3636 1042 3688 allusio
1057 3636 1090 3689 ad
1109 3636 1279 3690 Homericum

775 3735 881 3772 versum
901 3719 933 3772 de
951 3737 1004 3790 quo
1019 3721 1154 3790 lustinusl.
1192 3721 1280 3774 Gara-

775 3817 829 3855 uos
841 3803 882 3870 (in
895 3803 1008 3856 Hreroc.
1023 3804 1061 3856 De
1071 3804 1138 3857 launa.
1150 3805 1169 3870 1,
1183 3809 1207 3870 1)
1218 3822 1281 3858 sane

775 3903 803 3940 se
828 3887 923 3940 referre
948 3889 984 3941 ait
1009 3905 1042 3940 ex
1066 3905 1145 3958 opere
1173 3888 1280 3941 Titare-

774 3986 816 4023 rrs
829 3975 893 4041 Περὶ
912 3975 998 4042 ἀρχῆς
1022 3971 1201 4043 fragmentum
1220 3974 1280 4026 huic

775 4069 933 4126 argumento
955 4057 1105 4110 consimile:
1120 4061 1154 4109 τὰ
1172 4075 1219 4123 μιν
1235 4061 1280 4110 οῦν

773 4144 966 4209 πολυθρύλητοι
1001 4145 1122 4208 τέτταρα,
1162 4145 1204 4194 ὢν
1243 4145 1280 4193 τὸ

773 4233 897 4298 πρῶτον
926 4231 1013 4293 ὕδωρ
1041 4230 1130 4279 εῖναι
1158 4243 1279 4296 φαμεν,
