3274 5100
342 429 404 509 3⁶4

628 443 756 488 ramat-:1
781 444 940 488 ADVERSUS
965 445 1120 489 llAERESliS

1256 443 1340 511 uu,
1359 459 1411 512 aa

338 661 425 720 tero,
459 637 518 704 lroc
549 637 633 725 quod
668 661 733 704 non
764 654 821 719 est,
854 638 1103 727 appellaverunt:
1138 640 1409 727 quemadmodum

338 762 368 811 et
393 745 424 811 hi
448 767 515 811 esse
539 745 666 833 quidem
698 745 760 824 illa,
783 767 862 832 quae
886 762 958 811 sunt
992 747 1071 811 intra
1101 746 1260 828 Pleroma,
1283 766 1410 831 vocant,

338 849 604 938 quemadmodum
626 850 669 916 illi
689 867 829 930 atomos;
849 873 915 917 non
929 874 998 918 esse
1015 867 1118 917 autem
1136 851 1222 934 haec,
1238 875 1318 941 quae
1337 871 1411 920 sunt

338 975 423 1024 extra
454 958 610 1036 Pleroma,
634 949 903 1044 quemadmodum
933 957 979 1024 illi
1005 980 1152 1024 vacuum.
1215 959 1411 1048 Semetipsos

338 1086 414 1152 ergo
438 1065 469 1129 in
494 1064 554 1130 hoc
578 1064 709 1145 mundo,
732 1086 832 1151 quum
856 1065 918 1130 sint
942 1081 1027 1130 extra
1056 1065 1214 1146 Pleroma,
1238 1067 1272 1131 in
1303 1065 1411 1133 locum

338 1173 390 1260 qui
415 1194 481 1237 non
503 1187 550 1237 est
572 1169 814 1258 deputaverunt!
863 1170 962 1251 Quod
990 1187 1095 1236 autem
1118 1170 1226 1238 dicunt
1256 1173 1410 1260 imagines

340 1301 408 1344 esse
430 1276 506 1344 haec
530 1299 743 1365 eorumquae
767 1293 849 1362 sunt,
874 1299 982 1342 rursus
1011 1275 1265 1344 manifestissime
1288 1278 1412 1344 Demo-

339 1386 406 1451 criti
424 1401 453 1450 et
473 1384 612 1450 Platonis
628 1385 815 1450 sententiam
829 1383 1014 1449 edisserunt.
1061 1385 1265 1451 Democritus
1274 1385 1308 1438 (¹)
1324 1386 1409 1451 enim

338 1493 457 1580 primus
482 1492 533 1571 ait,
553 1489 667 1556 multas
692 1505 721 1555 et
744 1491 845 1556 varias
869 1487 906 1555 ab
926 1491 1128 1557 universitate
1148 1490 1265 1578 figuras
1284 1515 1411 1579 expres-

339 1622 388 1664 sas
411 1597 609 1664 descendisse
641 1599 673 1662 in
705 1597 789 1663 hunc
813 1595 978 1663 mundum.
1036 1597 1174 1698 Platol²l
1201 1620 1278 1665 uero
1302 1620 1411 1664 rursus

375 1812 418 1878 (t)
439 1810 492 1864 Cfr.
517 1827 620 1882 quoque
645 1811 731 1864 Canu.
754 1808 847 1863 Strom.

340 1895 374 1959 V,
387 1895 437 1948 88:
456 1900 519 1962 Δημ.
540 1897 626 1950 δὲῃ..
650 1898 684 1946 τὰ
708 1897 777 1947 αὐτὰ
803 1911 848 1945 πε-

340 1977 452 2044 ποίηκεν
482 1979 583 2028 εῖδωλα
612 1983 667 2040 τοῖς
698 1978 848 2046 ἀνθρώποις

341 2066 536 2127 προσπίπτοντα
571 2065 618 2114 καὶ
650 2067 705 2126 τοῖς
739 2064 848 2129 ἀλόγοις

342 2150 430 2211 ζώιοις
443 2151 496 2200 ἀπὸ
509 2154 557 2216 τῆς
573 2149 649 2212 θείας
665 2147 764 2211 οὐσίας.
797 2145 848 2199 Sed

342 2245 451 2302 uterque
480 2231 626 2286 Democriti
653 2244 773 2285 mentem
799 2231 848 2284 rni-

341 2317 413 2369 nime
432 2329 471 2369 est
491 2330 654 2388 assequutus.
691 2315 763 2370 lnter
777 2317 848 2368 hunc

341 2401 394 2454 sere
413 2413 439 2454 et
455 2402 514 2454 illos
533 2401 619 2454 media
638 2414 677 2454 est
697 2400 848 2453 Crcanottrs

341 2485 494 2552 (Naldror.
508 2485 529 2551 I,
545 2488 589 2553 12)
604 2486 750 2538 enarratio:
774 2505 786 2533 a
796 2484 848 2538 De-

345 2569 503 2634 «mocritus,
516 2570 559 2640 qui
576 2581 633 2622 turn
653 2569 782 2639 imagines
804 2585 848 2621 eo-

344 2671 479 2725 «rumque
507 2655 659 2707 circumitus
683 2654 711 2706 in
735 2654 847 2706 deorum

344 2756 508 2793 «numerum
529 2739 616 2804 refert,
634 2752 692 2792 turn
708 2739 782 2791 illam
801 2755 847 2791 na-

345 2835 454 2875 ‹rturam
473 2840 540 2894 quae
559 2823 689 2892 imagines
712 2821 803 2874 fundat
822 2833 847 2874 et

344 2907 466 2970 «mittat,
494 2919 551 2959 turn
580 2907 717 2959 scientiam
745 2906 847 2959 intelle-

344 2992 539 3063 «gentiamque
559 3004 687 3056 nostram,
711 3008 801 3044 nonne
821 2991 847 3044 in

346 3077 487 3130 «maximo
515 3093 603 3130 errore
630 3076 802 3140 venaturi»,
822 3087 847 3129 et

342 3163 355 3230 {i
376 3176 427 3228 43:
450 3162 506 3214 «D.
526 3173 614 3213 censet
630 3161 760 3231 imagines
782 3161 848 3212 divi-

345 3246 452 3298 «nitate
476 3247 607 3316 praeditas
628 3246 713 3298 inesse
741 3245 768 3297 iu
791 3245 847 3296 uni-

345 3331 492 3384 «versitate
511 3347 612 3382 rerum:
635 3341 692 3382 tum
720 3317 847 3399 principia

345 3415 474 3480 «mentis,
486 3432 553 3486 quae
571 3426 632 3468 sunt
646 3415 672 3466 in
686 3415 779 3467 eodem
791 3413 848 3465 uni-

345 3519 358 3546 «
369 3515 454 3563 vers0,
474 3499 537 3552 deos
557 3516 613 3551 esse
629 3498 701 3562 dicit,
716 3508 774 3550 turn
792 3497 848 3549 ani·

346 3605 359 3633 a
369 3595 472 3636 mantes
492 3584 621 3654 imagines
643 3599 709 3653 quae
728 3583 769 3634 vel
789 3599 849 3652 pro-

345 3669 443 3720 «desse
461 3669 537 3720 nobis
563 3668 664 3720 soleant
683 3667 725 3720 vel
744 3683 848 3732 nocere,

345 3773 357 3802 u
367 3765 425 3806 tum
444 3754 564 3824 ingentes
578 3753 705 3824 quasdam
718 3753 848 3823 imagines

345 3858 358 3887 a
369 3850 508 3908 tantasque
515 3851 543 3890 ut
554 3838 707 3890 universum
718 3838 847 3889 mundum

346 3943 358 3970 a
369 3922 778 3992 complectanturextrinsecusa.
798 3921 848 3973 Sed

341 4008 471 4077 imagines
491 4007 556 4060 istae
575 4024 631 4059 non
652 4018 712 4059 sunt
732 4022 796 4076 quas
814 4006 847 4057 de

341 4091 437 4144 divinis
457 4108 496 4143 res
517 4103 621 4144 creatae
640 4090 784 4152 imitentur,
804 4105 848 4141 ve·

342 4193 399 4228 rum
425 4175 510 4244 potius
534 4192 549 4228 e
573 4174 707 4227 contrario
730 4190 797 4245 quae
816 4189 847 4226 ex

902 1812 996 1864 creatis
1023 1828 1161 1882 expressae
1184 1811 1330 1865 divinitatis
1354 1815 1412 1882 opi-

902 1895 1011 1948 nionem
1030 1895 1058 1948 in
1072 1895 1212 1950 hominum
1225 1897 1358 1950 mentibus
1371 1898 1411 1948 in-

901 1991 1004 2050 gerant.
1050 1978 1217 2050 Opinabatur
1233 1981 1306 2033 enim
1325 1981 1412 2052 philo-

902 2065 1000 2135 sophus
1019 2081 1233 2135 unamquamque
1260 2081 1316 2118 rem
1341 2083 1356 2118 a
1382 2083 1412 2118 se

903 2149 1041 2202 innumera
1070 2149 1109 2202 sui
1137 2152 1238 2202 εἴδωλα
1265 2167 1411 2208 secernere.

902 2233 984 2286 veluti
1003 2233 1137 2304 pelliculas
1156 2235 1293 2304 quasdam,
1302 2250 1370 2304 quae
1383 2235 1410 2286 in

902 2323 963 2371 aera
992 2317 1095 2382 diffusa,
1123 2319 1156 2370 ab
1184 2317 1335 2371 hominibus
1364 2335 1412 2388 per

902 2419 980 2472 poros
1000 2419 1102 2468 omnes,
1121 2403 1218 2456 nedum
1244 2418 1411 2472 persensus

902 2489 1049 2557 absorptae,
1067 2488 1206 2542 notionem
1225 2487 1350 2540 inferrent
1370 2488 1411 2540 rei

903 2573 982 2642 ipsius
1001 2589 1068 2642 quae
1086 2589 1131 2625 eas
1150 2573 1192 2640 (ut
1211 2572 1289 2625 habet
1302 2570 1412 2634 Cicero)

902 2655 1022 2710 funderet
1036 2669 1061 2710 et
1075 2658 1200 2710 mitteret.
1247 2655 1315 2726 [Cfr.
1326 2656 1412 2708 Paua.

903 2740 1006 2808 Quaesl.
1033 2743 1130 2794 conam
1155 2739 1227 2804 Vlll,
1249 2741 1302 2809 10].
1342 2739 1412 2794 Huic

902 2825 1038 2877 emissioni
1062 2841 1102 2877 res
1121 2840 1215 2877 omnes
1243 2836 1319 2894 aptae
1340 2837 1413 2884 sunt.

901 2909 930 2960 in
949 2909 1040 2979 primis
1059 2926 1123 2962 vero
1138 2909 1269 2975 δαίμονες,
1279 2925 1323 2962 seu
1337 2925 1413 2960 conr·

903 2995 993 3063 plexus
1000 3005 1151 3046 atomorum
1162 2993 1282 3064 ingentes
1291 2993 1414 3063 [μεγάλοι

901 3096 931 3130 τε
949 3082 996 3131 καὶ
1014 3077 1207 3146 ὑπερμεγέθης
1222 3076 1345 3146 longaevi
1365 3077 1412 3128 sed

902 3163 1037 3226 mortales,
1058 3162 1102 3232 qui
1117 3167 1178 3214 aira
1193 3162 1336 3230 complent,
1345 3177 1412 3231 quo·

903 3264 960 3298 rum
975 3247 1104 3317 imagines
1114 3259 1250 3317 separatae
1263 3263 1293 3298 ea
1306 3245 1412 3298 ratione

902 3347 953 3401 qua
972 3330 1072 3384 dictum
1091 3343 1139 3396 est,
1160 3331 1282 3384 homines
1301 3331 1329 3384 in
1353 3330 1412 3400 opi·

902 3415 1010 3468 nionem
1024 3415 1135 3468 deorum
1148 3414 1311 3470 inducerent.
1343 3413 1409 3483 [cn.

902 3498 984 3552 Saxa.
1015 3499 1083 3552 Earn.
1105 3499 1172 3553 Ado.
1198 3499 1280 3552 Mati.
1300 3499 1346 3564 IX,
1370 3513 1410 3568 19,

902 3584 945 3636 ubi
956 3584 1085 3654 quaedam
1099 3584 1179 3655 ipsius
1191 3583 1316 3637 Democr.
1329 3586 1410 3637 verba

901 3662 990 3730 resen,
1011 3677 1036 3717 et
1050 3665 1090 3717 lo.
1104 3663 1265 3728 Cornouns,
1277 3663 1409 3735 Hermipp.

906 3749 1029 3818 raaapud
1038 3748 1129 3812 Duas,
1138 3765 1163 3802 o.
1171 3765 1192 3800 c.
1204 3766 1228 3818 p.
1241 3749 1288 3818 383
1297 3747 1409 3817 et435].

901 3865 937 3873 —
947 3833 1017 3904 Lege
1027 3851 1130 3904 quoque
1143 3834 1262 3887 Tartara.
1276 3849 1318 3903 op.
1329 3850 1351 3886 c.
1369 3847 1408 3899 17.

938 3920 979 3988 (ο)
1001 3918 1075 3970 Falsa
1090 3919 1155 3971 haec
1168 3917 1243 3971 notio
1256 3917 1410 3989 systematis

901 4003 1031 4056 Platonici
1039 4003 1140 4056 Irenaei
1147 4014 1268 4073 tempore
1277 4000 1330 4055 sere
1337 4018 1410 4054 com-

902 4089 991 4140 munis
1001 4088 1028 4140 in
1038 4088 1134 4140 scholis
1145 4099 1208 4141 erat.
1228 4085 1282 4139 Cfr.
1292 4097 1326 4139 et.
1337 4085 1410 4138 Atu-

902 4187 996 4236 seruat,
1010 4171 1048 4224 De
1067 4171 1145 4224 doctr.
1166 4170 1231 4224 Plat.
1253 4170 1281 4221 l:
1304 4169 1410 4222 «Initio
