3288 5060
185 493 381 563 (V111,7-8).]
614 495 703 541 tutan
727 495 840 542 antuus
1196 499 1253 564 195

186 691 282 758 huius
313 693 449 758 uniuersi
481 690 566 780 quod
596 689 728 758 videtur.
776 691 883 758 Utitur
909 709 1014 759 autem
1046 711 1077 760 et
1108 694 1173 782 ipse
1197 694 1257 762 hoc

186 821 284 886 opere
299 799 387 886 quasi
403 815 573 886 spontanee
585 795 623 863 ab
639 798 707 886 ipso
724 796 823 864 facto:
841 798 958 887 reliqua
974 822 1051 866 vero
1070 801 1258 882 ministrant,

185 929 291 994 quum
313 907 376 970 sint
395 905 585 971 imitationes
608 902 852 985 inimitabilium,
869 904 1079 992 Enthymesin
1103 907 1260 983 matris.(¹l

188 1013 229 1078 Et
254 1013 393 1100 primum
417 1010 544 1101 quidem
563 1011 686 1077 caelum
710 1029 800 1078 sonat
824 1015 870 1098 Α;
894 1011 978 1101 quod
998 1030 1103 1080 autern
1124 1031 1170 1081 est
1189 1032 1260 1103 post

188 1119 282 1185 illum
303 1121 348 1202 E3
372 1120 499 1186 tertium
523 1137 628 1186 autem
652 1119 692 1198 H;
716 1135 862 1206 quartum
886 1143 963 1187 vero
987 1137 1017 1187 et
1041 1119 1183 1188 medium
1202 1145 1261 1188 nu-

190 1227 274 1292 meri
297 1245 341 1292 int
363 1226 445 1291 iotae
468 1225 616 1291 virtutem
640 1241 772 1305 enarrat,
799 1227 944 1313 quintum
967 1251 1043 1295 vero
1068 1229 1112 1307 0;
1136 1245 1259 1295 sextum

189 1347 299 1397 autem
315 1333 357 1416 1⁴3
374 1333 543 1418 septimum
557 1347 661 1397 autem
686 1348 716 1397 et
740 1353 771 1398 tv
795 1355 811 1397 a
826 1332 933 1400 medio
949 1334 977 1400 Ω
1002 1335 1193 1402 elementum
1209 1357 1262 1400 ex-

190 1439 319 1521 clamat,
350 1435 618 1528 quemadmodum
650 1438 750 1504 Marci
782 1439 866 1527 Sige,
895 1462 975 1527 quae
1007 1441 1105 1508 multa
1133 1437 1260 1528 quidem

191 1545 356 1633 loquacius
380 1546 567 1634 exsequitur,
591 1544 668 1610 nihil
691 1561 795 1611 autem
827 1569 938 1612 verum
961 1546 1093 1634 loquens
1116 1545 1262 1613 affirmat.

192 1651 290 1732 Quae
318 1652 461 1733 virtutes,
489 1651 541 1732 ait,
572 1673 685 1717 omnes
717 1652 812 1718 simul
844 1653 876 1718 in
908 1653 1044 1720 invicem
1070 1652 1264 1742 complexae,

193 1774 310 1823 sonant
328 1773 360 1824 et
375 1756 554 1846 glorificant
573 1756 662 1823 illum
678 1781 696 1823 a
714 1781 779 1846 quo
794 1759 927 1825 emissae
946 1776 1029 1840 sunt,
1045 1760 1143 1847 gloria
1159 1775 1263 1825 autem

195 1865 266 1930 soni
292 1865 425 1930 mittitur
449 1865 481 1929 in
505 1863 722 1950 Propatorem.
769 1864 870 1930 Huius
894 1881 999 1931 autern
1030 1863 1265 1952 glorificationis

194 1993 313 2036 sonum
338 1971 501 2037 interram
521 1970 659 2037 delatum
678 1971 720 2037 ait
736 1971 959 2060 plasmatorem
977 1971 1105 2053 lactum,
1125 1987 1155 2038 et
1170 1994 1265 2060 gene-

197 2093 337 2144 ratorem
361 2099 472 2143 eorum
496 2100 574 2165 quae
598 2093 671 2143 sunt
694 2079 726 2144 in
750 2095 840 2144 terra.
855 2079 889 2132 (²)

200 2291 356 2378 Κέχρηται
368 2293 422 2376 μέν
434 2293 486 2355 οὖν
501 2293 553 2357 καὶ
569 2294 657 2368 αὐτὸς
673 2294 759 2369 οὗτος
774 2293 849 2377 τῷδε
864 2301 905 2374 ah
922 2293 1011 2377 έργῳ,
1027 2292 1068 2370 ὡς
1082 2291 1268 2377 αὐθαιρέτως

197 2400 252 2464 ὑπ’
267 2402 360 2464 αὐτοῦ
382 2396 552 2485 γενομένῳ·
572 2402 610 2462 τὰ
629 2398 662 2462 δὲ
681 2399 762 2463 ἄλλα
784 2399 925 2483 διακονεῖ,
946 2399 1103 2485 μιμήματα
1121 2402 1268 2464 ὄντατῶν

199 2506 364 2591 ἀμιμήτων,
388 2508 442 2589 τήν
472 2505 659 2591 Ένθέγιησιν
689 2515 742 2590 τῆς
770 2506 888 2592 μητρὸς.
936 2506 999 2571 Καὶ
1027 2507 1043 2570 ὁ
1072 2508 1127 2591 μὲν
1152 2515 1269 2591 πρῶτος
1349 2573 1350 2576 ς

197 2615 324 2696 οὐρανὸς
338 2611 506 2696 φθέγγεται
524 2615 558 2676 τὸ
577 2635 608 2695 α,
625 2612 641 2675 ὁ
657 2613 690 2676 δὲ
704 2614 780 2696 μετὰ
793 2621 899 2676 τοῦτον
913 2615 948 2677 τὸ
963 2635 988 2696 e,
1006 2613 1022 2675 ὁ
1037 2612 1071 2676 δέ
1085 2612 1182 2696 τρῖτος
1192 2615 1226 2676 τὸ
1238 2635 1267 2694 η,

200 2717 339 2802 τέταρτος
357 2719 390 2781 δέ
409 2720 462 2781 καὶ
481 2717 571 2803 μέσος
589 2728 647 2781 τῶν
667 2701 815 2802 έπτὰτήν
829 2727 882 2782 τοῦ
898 2727 971 2782 ιιῖιτα
993 2719 1116 2802 δύναμιν
1131 2719 1268 2800 laqueet,

199 2825 266 2889 ὁθὲ
280 2823 415 2908 πέμπτος
430 2829 464 2888 τὸ
480 2845 507 2909 ο,
522 2827 609 2902 ἕκτος
632 2826 666 2888 δὲ
684 2829 719 2890 τὸ
737 2849 765 2907 υ,
785 2825 911 2912 ἕβδομος
929 2828 963 2890 δὲ
981 2830 1033 2891 καὶ
1051 2825 1191 2910 τέταρτος
1208 2826 1270 2888 ἀπὸ

200 2931 298 3015 μέσου
319 2935 352 2994 τὸ
371 2952 396 2995 ιο
415 2941 563 3016 στοιχεῖον
586 2930 690 3018 ἐκβοᾷ,
714 2932 821 3008 καθὼς
839 2933 858 3016 ή
878 2931 1005 3019 Μάρκου
1024 2932 1111 3017 Σιγὴ,
1131 2932 1152 3017 ἡ
1170 2932 1271 2996 πολλὰ

201 3040 259 3122 μέν
273 3037 458 3120 φλυαροῠοα,
478 3039 570 3123 μηδὲν
585 3039 619 3101 δὲ
634 3037 753 3120 ἀληθὲς
774 3037 919 3122 λέγουσα,
944 3037 1171 3124 διαβεβαιοῦται.
1218 3035 1271 3102 Αἵ-

201 3165 279 3220 τινες
307 3143 444 3226 δυνέμοις
467 3143 552 3227 ὁμοῦ,
579 3145 662 3228 φησὶ,
688 3153 781 3208 πᾶσαι
811 3145 853 3219 εἰς
882 3144 1019 3227 ἀλλήλας
1048 3144 1271 3228 συμπλακοῖσαι

202 3252 314 3334 ήχοῦσι
326 3253 379 3314 καὶ
394 3249 566 3328 δοξάζουσιν
580 3251 704 3332 ἐκεῖνον,
721 3249 772 3334 ὑφ’
787 3253 821 3314 οὔ
840 3249 1095 3337 προεβλήθησαν·
1115 3251 1135 3334 'l
1150 3251 1183 3313 δὲ
1199 3247 1272 3326 δόξα

203 3367 258 3440 τήν
273 3358 353 3441 ἠχῆς
371 3355 578 3444 ἀναπέμπεται
597 3357 639 3434 εἰς
656 3360 707 3421 τὸν
723 3357 915 3443 Προπέτορα.
964 3357 1084 3443 Ταύτης
1102 3357 1201 3441 μέντοι
1219 3366 1273 3440 τῆς

204 3461 379 3548 δοξολογέτς
401 3467 452 3528 τὸν
473 3465 550 3548 ήχον
573 3463 614 3539 εἰς
636 3465 690 3548 τήν
712 3472 770 3546 γῆν
793 3461 956 3549 φερόμενόν
974 3485 1046 3548 φησι
1065 3463 1202 3546 πλάστην
1221 3484 1272 3548 γε·

205 3567 315 3634 νέσθαι
331 3572 385 3634 καὶ
402 3570 564 3655 γεννήτορα
582 3579 640 3633 τῶν
659 3569 708 3632 ἐπὶ
725 3578 778 3654 τῆς
797 3580 863 3653 γης.

244 3803 287 3868 (ι)
297 3801 369 3856 llaec
378 3801 446 3856 refer
459 3802 492 3855 ad
505 3818 536 3855 ea
548 3818 615 3872 quae
625 3801 689 3867 σθ’,
701 3817 711 3869 3
767 3804 842 3866 texit,
855 3803 881 3856 id
894 3815 921 3856 et
933 3803 1049 3874 sphaeris
1063 3802 1216 3856 caelestibus
1228 3801 1274 3854 tri-

207 3889 327 3958 exposita
347 3900 407 3941 sunt
431 3888 463 3941 de
491 3887 641 3959 ignorantia
660 3887 713 3941 De·
769 3889 864 3950 buisse,
883 3887 979 3940 docens
1002 3887 1118 3956 singulas
1138 3902 1214 3938 suum
1233 3901 1275 3938 so·

208 3973 305 4043 miurgi
324 3975 362 4043 (p.
385 3971 526 4044 108-109).
769 3989 834 4024 nunt
857 3971 885 4023 in
906 3970 1071 4023 revolutione
1093 3969 1223 4030 emittere,
1243 3985 1276 4021 ex

244 4059 288 4127 (2)
306 4057 406 4112 Notum
422 4070 461 4111 est
476 4057 657 4129 Pythagoram
668 4057 712 4127 qui
770 4053 1002 4125 quibusharmonio
1013 4053 1125 4104 universi
1133 4061 1274 4103 constaret.

208 4143 371 4196 vibrationes
392 4142 506 4196 chordae
531 4142 602 4194 iuxta
627 4143 715 4212 legem
769 4138 824 4192 Cfr.
840 4137 964 4200 Marisa,
978 4135 1117 4188 Harmonia
1129 4135 1173 4186 dar
1183 4133 1276 4205 Sphae-

213 4243 236 4284 ι,
260 4243 281 4292 1,
301 4229 343 4296 ¹!2,
363 4229 406 4296 ἰή,
428 4229 494 4296 1¹l2,
514 4227 555 4294 ¹1¹2,
578 4228 646 4294 t¹l2,
671 4226 715 4278 de·
770 4219 1079 4275 nonsummum
1100 4217 1128 4270 L.
1153 4233 1227 4288 1901.
