3274 5100
656 481 783 526 ineunti
807 481 967 529 anteusus
990 483 1145 528 nneneses
1197 481 1435 550 [xVLr-xl'ltz

366 696 446 754 cere,
466 691 495 740 et
514 698 592 763 quae
616 697 708 763 super
731 699 767 742 ea
786 693 868 756 sunt,
887 699 994 742 rursus
1018 677 1168 756 aliorum3
1194 693 1224 742 et
1245 678 1276 743 in
1296 679 1435 744 immen-

366 803 415 847 sas
438 781 591 869 imagines
614 783 788 870 imaginum
814 781 978 850 excidere?

432 908 461 953 2.
486 889 573 955 Sicut
590 912 699 978 passus
718 906 764 956 est
784 887 982 971 Basilides,(¹)
997 911 1096 976 quum
1120 891 1251 956 minime
1278 892 1433 978 attigisset

364 995 538 1074 veritatem,
563 1011 592 1060 et
615 1012 727 1082 putans
749 1017 804 1083 per
827 996 1018 1062 immensam
1046 997 1279 1062 successionem
1307 1019 1432 1078 eorum,

363 1121 443 1187 quae
458 1123 494 1166 ex
511 1103 648 1168 invicem
665 1101 743 1168 facta
762 1121 845 1182 sunt,
860 1102 998 1192 effugere
1013 1104 1108 1170 talem
1128 1105 1286 1192 aporiam;
1305 1104 1432 1192 quando

364 1227 490 1274 ccccxv
513 1208 615 1276 caelos
639 1231 694 1297 per
717 1211 950 1277 successionem
974 1226 1004 1276 et
1028 1209 1264 1277 similitudinem
1288 1210 1326 1277 ab
1349 1213 1433 1277 invi-

364 1337 433 1380 cem
458 1313 556 1382 factos
580 1316 762 1398 enuntiavit,
787 1316 954 1382 ethorum
986 1317 1199 1383 ostensionem
1226 1339 1295 1382 esse
1318 1339 1432 1384 nurne-

363 1444 435 1488 rum
462 1424 534 1488 anni
563 1420 697 1504 dierum,
724 1424 995 1511 quemadmodum
1025 1422 1253 1512 praediximus:
1283 1441 1314 1490 et
1337 1447 1430 1512 super

363 1527 422 1595 hos
445 1531 604 1612 virtutem,
623 1553 717 1618 quam
742 1547 771 1596 et
795 1531 1054 1596 innominabilem
1077 1547 1201 1610 vocant,
1222 1547 1252 1596 et
1270 1530 1363 1596 huius
1381 1530 1432 1597 di-

362 1637 587 1722 spositionem:
618 1654 650 1702 et
680 1660 737 1704 nec
767 1639 812 1704 sic
844 1638 972 1724 quidem
1004 1636 1114 1725 effugit
1146 1637 1242 1703 talem
1276 1639 1428 1726 aporiam.

362 1742 574 1830 Interrogatus
597 1745 683 1810 enim
707 1743 788 1810 unde
811 1744 897 1810 caelo
924 1746 952 1810 ei
975 1746 1029 1832 qui
1053 1761 1216 1832 estsuper
1242 1767 1365 1823 omnes,
1390 1768 1429 1810 ex

361 1871 425 1935 quo
460 1850 596 1937 reliquos
630 1873 684 1938 per
719 1852 952 1918 successionem
986 1851 1085 1918 factos
1119 1851 1197 1930 vult,
1232 1851 1429 1938 figurationis

361 1957 490 2042 imago?
535 1953 584 2023 Ab
604 1979 638 2022 ea
660 1956 875 2044 dispositione,
898 1957 990 2037 dicet,
1008 1980 1088 2045 quae
1111 1974 1159 2024 est
1182 1956 1354 2023 secundum
1380 1958 1429 2022 in-

361 2060 598 2130 nominabilem.
649 2064 687 2129 Et
713 2079 765 2130 aut
789 2063 1048 2131 innominabilem
1074 2089 1092 2130 a
1119 2064 1289 2150 semetipso
1317 2062 1429 2129 fecisse

360 2168 441 2234 dicet
457 2192 542 2250 eam3
560 2170 610 2236 vel
624 2171 753 2236 alteram
768 2170 937 2258 quamdam
951 2193 1043 2258 super
1058 2171 1140 2237 bunc
1156 2185 1342 2258 potestatem
1358 2193 1428 2236 esse

360 2277 536 2343 consentire
552 2299 678 2344 necesse
694 2276 828 2358 habebit,
848 2301 885 2343 ex
900 2301 960 2366 qua
976 2279 1094 2365 accepit
1108 2276 1342 2344 innominabilis
1358 2279 1428 2344 eius

359 2399 477 2451 tantam
502 2406 613 2450 eorum
636 2407 715 2473 quae
738 2403 810 2451 sunt
833 2384 1004 2451 secundum
1029 2408 1102 2451 eum
1126 2383 1357 2472 figurationem.

427 2511 456 2576 3.
481 2491 613 2572 Quanto
637 2491 731 2579 igitur
753 2493 851 2557 tutius
874 2508 904 2558 et
926 2491 1115 2579 diligentius,
1134 2489 1218 2578 quod
1242 2507 1288 2556 est
1311 2512 1425 2556 uerum

359 2597 465 2662 statim
494 2597 584 2663 initio
616 2597 769 2677 confiteri,
792 2599 942 2685 quoniam
975 2595 1140 2662 fabricator
1167 2598 1254 2662 Deus
1286 2595 1346 2674 hic,
1371 2597 1427 2684 qui

359 2702 514 2769 mundum
533 2703 628 2769 talem
649 2703 731 2783 fecit,
751 2705 836 2770 solus
856 2721 902 2769 est
921 2705 1019 2785 Deus,
1039 2721 1069 2770 et
1088 2724 1152 2770 non
1172 2720 1219 2768 est
1238 2703 1316 2768 alius
1336 2703 1427 2768 Deus

357 2827 476 2897 praeter
495 2833 586 2876 eum:
611 2811 676 2897 ipse
700 2834 716 2876 a
741 2813 910 2898 semetipso
942 2811 1122 2898 exemplum
1147 2825 1178 2875 et
1200 2808 1424 2897 figurationem

356 2941 466 2984 eorum
485 2940 564 3005 quae
584 2917 663 2984 iacta
686 2936 769 2999 sunt,
789 2919 961 3005 accipiens:
980 2941 1076 3005 quam
1096 2933 1166 3006 post
1184 2933 1303 2983 tantam
1322 2917 1427 2982 irreli-

354 3026 533 3112 giositatem
546 3042 576 3092 et
588 3028 754 3092 circuitum
766 3026 917 3107 defessos,
933 3027 1002 3114 cogi
1016 3025 1180 3114 aliquando
1194 3027 1226 3091 in
1239 3024 1343 3112 aliquo
1356 3049 1425 3092 uno

356 3149 488 3198 statuere
509 3155 647 3212 sensum,
668 3149 754 3198 etex
773 3154 811 3198 eo
831 3131 1050 3220 figurationem
1076 3130 1231 3198 factorum
1256 3130 1426 3198 confiteri?

422 3263 452 3325 4.
477 3239 580 3329 [WH.
607 3239 697 3319 XXI,
727 3239 768 3330 r].
816 3240 980 3321 Quoumn
1000 3260 1089 3313 Quas
1112 3258 1214 3319 nouas,
1237 3258 1297 3312 Qur
1319 3259 1426 3305 sunus

355 3346 777 3426 nchctas1n‚1lreurnur
804 3367 848 3427 in,
873 3367 930 3419 Qur
961 3365 1043 3412 suus
1067 3367 1087 3410 n
1110 3346 1319 3423 Valentiam,
1344 3364 1425 3412 ntis

355 3473 470 3519 suasus
497 3473 664 3519 inaurant
691 3473 735 3532 ur,
759 3473 816 3526 QUl
846 3473 928 3518 suna
952 3474 972 3519 n
996 3453 1154 3533 Bastulus,
1178 3473 1219 3517 aa
1242 3473 1319 3518 nus
1342 3471 1422 3520 tren

354 3579 427 3625 nin
474 3559 598 3624 Etenim
622 3558 683 3624 hoc
705 3556 790 3647 quod
813 3560 968 3646 imputant
991 3557 1083 3624 nobis
1105 3560 1158 3648 qui
1178 3575 1250 3624 sunt
1269 3581 1286 3624 a
1304 3557 1424 3624 Valen-

353 3667 431 3744 tino,
454 3666 487 3731 in
510 3688 545 3730 ea
569 3688 647 3753 quae
670 3683 717 3730 est
740 3665 889 3731 deorsum
913 3664 1108 3731 hebdomade
1132 3663 1269 3732 dicentes
1292 3688 1351 3731 nos
1371 3688 1424 3731 re-

353 3796 489 3855 manere,
504 3774 592 3862 quasi
616 3796 680 3838 non
704 3773 878 3838 attollentes
893 3775 926 3838 in
942 3773 1040 3840 altum
1060 3788 1209 3853 mentem,
1225 3794 1323 3859 neque
1340 3795 1422 3860 quae

351 3902 478 3946 rursum
502 3895 573 3945 sunt
597 3882 775 3959 sentienteS,
798 3880 947 3968 quoniam
970 3879 1251 3967 portentiloquium
1275 3881 1419 3966 ipsorum

352 4011 415 4053 non
446 3988 625 4075 recipimus,
649 3987 709 4053 hoc
741 3984 824 4053 idem
857 3989 960 4073 ipsum
984 3987 1037 4075 qui
1061 4010 1078 4052 a
1102 3986 1235 4052 Basilide
1266 4001 1338 4050 sunt
1369 3983 1421 4050 bis

388 4223 429 4290 (1)
448 4219 549 4274 Graeca
566 4221 698 4292 loquutio:
715 4223 800 4286 Ὀπερ
815 4223 917 4273 ἔπαθεν
932 4223 947 4272 ὁ
962 4223 992 4274 Β.
1005 4243 1023 4264 =
1038 4220 1116 4283 Quod
1133 4231 1256 4290 expertus
1271 4229 1310 4272 est
1325 4219 1354 4272 B.
