3288 5060
205 463 289 532 (vlu,
312 467 396 537 1-2).]
632 471 721 518 noea
745 471 859 517 narnus
1211 452 1269 537 185

204 677 233 726 et
253 661 400 728 eamdem
425 666 685 730 consonationem
718 681 841 744 sonent,
872 665 961 730 cuius
989 664 1225 730 exclamationis
1238 665 1273 718 (¹)

203 767 388 856 imaginem,
416 791 576 836 «amen»
605 771 698 836 simul
721 768 895 837 dicentibus
918 769 1019 851 nobis,
1043 769 1166 837 tradidit
1192 794 1271 839 esse.

203 873 307 940 Sonos
334 893 439 942 autem
469 898 524 941 eos
547 897 616 942 esse
642 877 695 964 qui
720 874 858 942 formant
881 876 1142 942 insubstantivum
1167 893 1197 944 et
1224 879 1272 944 in-

202 981 346 1069 genitum
365 984 486 1064 Aeona,
509 999 540 1048 et
559 1005 626 1049 esse
642 982 701 1049 hos
717 981 847 1063 formas,
869 1005 946 1072 quas
966 983 1124 1049 Dominus
1144 984 1272 1072 angelos

201 1085 290 1166 dixit,
314 1109 393 1176 quae
410 1089 477 1154 sine
498 1090 731 1156 intermissione
754 1087 862 1155 vident
885 1087 997 1155 faciem
1022 1090 1131 1155 Patris.

272 1213 301 1260 2.
344 1195 485 1262 Nomina
515 1212 618 1262 autem
646 1196 878 1262 elementorum
909 1197 1093 1262 communia
1123 1215 1153 1262 et
1182 1220 1272 1264 enar-

203 1299 321 1381 rabilia,
355 1304 493 1383 Aeonas,
517 1319 547 1368 et
571 1301 675 1386 verba,
705 1321 736 1371 et
759 1301 888 1385 radices,
912 1320 942 1370 et
966 1305 1096 1386 semina,
1121 1323 1151 1372 et
1174 1305 1273 1393 pleni-

202 1406 338 1490 tudines,
368 1425 399 1474 et
429 1408 548 1477 fructus
576 1415 709 1476 vocavit.
772 1411 901 1498 Singula
935 1425 1040 1477 autern
1070 1413 1209 1499 ipsorum
1240 1429 1272 1478 et

201 1515 449 1604 uniuscuiusque
469 1516 592 1603 propria
616 1517 648 1581 in
672 1517 802 1582 nomine
825 1516 981 1582 Ecclesiae
1000 1518 1152 1583 contineri
1170 1534 1200 1583 et
1224 1519 1272 1583 in-

201 1621 299 1710 telligi
314 1623 366 1688 ait.
406 1621 556 1703 Quorum
572 1622 800 1688 elementorum
818 1624 982 1690 novissimi
998 1623 1144 1690 elementi
1160 1624 1271 1690 ultima

201 1729 290 1795 litera
303 1729 338 1782 (²)
354 1751 467 1796 vocem
488 1729 592 1795 emisit
615 1751 716 1812 suam,
736 1732 825 1796 cuius
845 1752 941 1796 sonus
961 1732 1078 1811 exiens,
1098 1730 1271 1797 secundum

201 1837 375 1924 imaginem
385 1835 614 1902 elementorum
628 1837 781 1902 elementa
791 1838 915 1924 propria
925 1839 1098 1924 generavit:
1112 1837 1271 1924 exquibus

201 1958 231 2008 et
245 1966 327 2032 quae
343 1960 416 2009 sunt
434 1943 495 2024 hic,
511 1942 660 2031 disposita
678 1942 763 2024 dicit,
780 1960 810 2010 et
826 1967 860 2009 ea
876 1966 955 2031 quae
974 1959 1046 2010 sunt
1063 1960 1132 2009 ante
1152 1944 1273 2026 baec,(⁵l

200 2157 325 2242 ἠχήσγγ·
342 2159 378 2242 ῆς
393 2155 589 2240 ἑκφιυνήσεως
603 2155 704 2220 εἰκόνα
718 2159 752 2221 τὸ
771 2181 786 2218 a
801 2157 882 2241 ἀμὴν
896 2181 911 2217 υ
928 2157 1004 2241 ὁμοῦ
1022 2156 1170 2242 λεγόντων
1184 2159 1271 2242 ἡμῶν

200 2263 336 2330 ὑπέθετο
359 2264 443 2327 εἶναι.
490 2262 570 2339 Τοὺς
592 2263 626 2326 δὲ
648 2262 804 2348 φθόγγους
827 2262 972 2348 ὑπάρχειν
993 2267 1062 2340 τοὺς
1085 2273 1272 2348 μορμοῡντας

200 2374 251 2436 τὸν
277 2367 413 2434 ἀνοὺσιον
435 2372 486 2433 καὶ
509 2368 669 2454 ἀγέννητον
693 2369 812 2434 Ataia·
836 2371 889 2434 καὶ
906 2371 981 2433 εἶναι
999 2369 1121 2446 τούτους
1145 2374 1270 2454 μορφὰς,

201 2480 237 2554 ἃς
255 2478 274 2540 ὁ
293 2476 403 2561 Κύριος
426 2474 575 2560 ἀγγέλους
592 2477 704 2562 εἴρηκε,
723 2479 777 2552 τὰς
795 2475 938 2562 διηνεκῶς
962 2475 1130 2562 βλεπούσας
1148 2481 1182 2542 τὸ
1200 2475 1271 2563 πρὸ-

202 2603 306 2648 σιυπον
322 2593 375 2647 τοῦ
394 2583 523 2667 Πατρός.

273 2708 302 2754 2.
321 2688 369 2753 Τὰ
384 2689 418 2752 δὲ
433 2689 566 2773 ὀνόματα
579 2697 638 2752 τῶν
652 2687 809 2774 στοιχείων
827 2691 865 2752 τὰ
878 2693 966 2753 κοινὰ
980 2693 1032 2753 καὶ
1047 2691 1132 2775 ῥητὰ,
1153 2691 1271 2769 Αἰῶνας

202 2800 256 2862 καὶ
278 2791 397 2880 λόγους,
420 2797 472 2860 καὶ
495 2794 586 2879 ῥίζας,
601 2796 654 2859 καὶ
668 2795 836 2880 σπέρματα,
853 2798 905 2860 καὶ
920 2795 1115 2880 πληρώματα.
1133 2799 1185 2860 καὶ
1200 2819 1271 2881 καρ-

201 2909 279 2981 ποὺς
295 2904 445 2989 ὠνόμασε.
492 2902 541 2967 Τὰ
559 2902 593 2966 δὲ
610 2900 687 2966 καθ’
699 2904 753 2968 ἕνα
771 2904 936 2967 αὐτῶνκαὶ
954 2903 1085 2966 ἑκάστου
1100 2903 1159 2967 ἴδια
1178 2905 1210 2968 ἐν
1229 2912 1272 2988 τῷ

202 3012 326 3094 ὀνόματι
341 3021 394 3094 τῆς
408 3009 595 3093 Ἐκκλησίας
609 3009 849 3095 ἐμπεριεχόμενα
862 3010 999 3074 νοεῖσθαι
1015 3011 1082 3093 ἔφη.
1121 3008 1179 3074 'tta
1193 3031 1272 3074 στοι-

202 3117 295 3202 χείων
305 3126 357 3181 τοῦ
369 3117 501 3201 ἐσχάτου
511 3116 663 3200 στοιχείου
673 3119 708 3179 τὸ
724 3120 850 3180 ὕστατον
862 3115 988 3201 γράμμα
1002 3119 1102 3200 φωνὴν
1116 3117 1272 3201 προήκατο

202 3227 257 3308 τὴν
268 3223 389 3288 ἑαυτοῦ·
400 3227 435 3286 οὗ
447 3223 464 3286 ὁ
474 3225 551 3307 ἦχος
562 3220 695 3299 ἐξελθὼν
707 3220 775 3286 κατ’
785 3221 887 3286 εἰκόνα
898 3231 956 3286 τῶν
967 3223 1123 3306 στοιχείων
1134 3233 1271 3309 στοιχεῖα

199 3333 264 3396 ἴδια
282 3331 457 3416 ἐγέννησεν·
477 3329 509 3408 ἐξ
528 3331 570 3395 ὧν
588 3329 625 3395 τά
640 3351 673 3394 τε
689 3329 823 3394 ἐνταῦθα
838 3329 1102 3415 διακεκοσμῆσθαι
1117 3352 1200 3414 φησι,
1220 3334 1272 3396 καὶ

241 3529 283 3592 (ι)
296 3553 313 3573 =
326 3525 531 3580 enuntiationis:
547 3525 624 3577 huius
638 3541 710 3596 sym·
802 3525 843 3590 (2)
861 3521 887 3575 Si
903 3523 1035 3576 elementa
1046 3523 1125 3576 series
1138 3524 1272 3590 Aeonum,

204 3612 295 3665 bolum
315 3623 354 3664 est
370 3608 450 3662 Amen
466 3609 611 3681 tripliciter,
625 3607 711 3679 primo
764 3607 857 3660 literae
876 3625 940 3660 vero
963 3608 1069 3661 Aeones
1098 3621 1167 3672 sunt,
1196 3606 1273 3678 facile

125 3699 131 3712 ⁸
204 3693 265 3765 quia
284 3693 312 3746 in
330 3693 422 3764 quavis
439 3691 573 3746 Ecclesiae
591 3691 711 3746 oratione
764 3692 896 3764 intelliges
915 3709 960 3764 per
979 3693 1100 3746 ultimam
1116 3693 1220 3745 literam
1233 3692 1272 3744 ul-

204 3779 247 3831 vel
266 3795 343 3846 prece
367 3777 464 3830 claudit
489 3777 558 3830 dicta
582 3775 709 3844 (futura);
764 3776 823 3829 timi
838 3777 963 3830 elementi
983 3777 1221 3845 (duodecadisscl.)
1238 3775 1272 3828 si-

205 3864 320 3918 secundo
351 3863 410 3934 quia
436 3863 530 3916 eadem
557 3863 710 3933 recapitulat
764 3859 885 3930 gnificari
904 3861 1039 3931 Sophiam,
1058 3861 1131 3913 cuius
1147 3877 1222 3913 casus
1245 3859 1271 3911 in

205 3946 435 4017 (redintegratio);
447 3947 526 4000 tertio
538 3945 598 4017 quia
609 3947 641 3998 ab
654 3963 711 3998 om·
765 3945 934 4016 sequentibus
944 3945 1037 3998 habes:
1051 3962 1131 3997 sonus
1142 3961 1205 3996 vero
1216 3945 1271 3996 eius

204 4031 281 4083 nibus
294 4031 372 4083 simul
386 4029 481 4082 dicitur
496 4033 589 4096 (unam
603 4041 629 4082 et
639 4045 711 4082 earn·
765 4041 804 4082 est
824 4030 986 4094 Achamoth,
1006 4041 1033 4081 ut
1053 4029 1162 4082 dicetur.

205 4115 266 4168 dem
283 4114 443 4182 ...sonent).
480 4112 533 4167 Cir.
550 4113 561 4165 1
577 4112 636 4166 Cor.
651 4113 711 4177 XV,
801 4113 843 4181 (3)
863 4114 881 4166 1.
902 4131 924 4167 e.
941 4113 1100 4184 Demiurgus
1120 4125 1145 4165 et
1165 4112 1273 4182 quaein

206 4199 249 4262 28,
262 4209 287 4252 et
299 4197 366 4251 infra
380 4197 452 4262 XVI,
469 4213 478 4252 t
494 4197 549 4263 lin,
562 4215 623 4250 cum
636 4211 710 4251 nota.
767 4199 910 4254 Medietate
929 4211 998 4253 sunt.
