3274 5100
214 468 486 568 (x1x‚1-xx,2)'.]
611 499 701 544 aaran
723 497 888 543 secamus
1219 494 1278 560 375

215 694 388 762 admodum
410 717 491 784 quae
512 692 550 760 de
574 694 640 761 luto
664 709 721 774 est,
740 716 805 759 non
828 709 954 780 propter
977 691 1179 779 semetipsam
1202 688 1283 777 figu-

117 879 121 886 ,
215 821 300 869 ratur
319 819 436 882 statua;
456 800 509 868 sed
529 817 654 889 propter
673 823 741 867 eam
761 823 839 888 quae
859 823 896 864 ex
916 813 1106 879 aeramento,
1122 798 1171 864 vel
1195 819 1282 878 aur0,

215 910 264 975 rel
288 924 418 996 argento
443 907 533 974 habet
557 907 641 996 heri)
664 924 695 973 et
719 906 902 973 honoratior
933 922 1072 971 creatura
1100 905 1158 970 erit
1187 926 1281 991 quam

215 1014 373 1095 Pleroma,
397 1015 423 1079 si
447 1030 572 1102 propter
595 1013 682 1078 illam
705 1012 756 1078 illa
780 1013 895 1078 emissa
918 1028 1000 1077 sunt.

284 1227 362 1294 Cae.
377 1226 464 1292 XVI.
512 1225 618 1316 [WH.
632 1225 706 1306 XX,
721 1223 763 1315 r].
811 1226 974 1307 Quouran
990 1245 1015 1290 sr
1030 1244 1104 1297 Qurs
1118 1244 1284 1290 transno-

215 1355 275 1401 rus
290 1355 404 1400 runnu
417 1335 635 1414 aDeurunnn,
642 1354 675 1400 ru
689 1353 907 1400 nutrosoeos
921 1353 962 1398 ur
978 1352 1138 1399 rurrurros
1149 1351 1283 1397 uuuoos

216 1461 375 1508 exemere
389 1461 456 1506 eutr
473 1461 606 1506 necasse
618 1440 718 1506 esne)
768 1439 956 1506 astantem
973 1438 1050 1504 nulli
1062 1460 1173 1504 eorum
1185 1437 1218 1490 (²)
1235 1459 1285 1502 as-

216 1548 331 1613 sentire
344 1547 512 1625 voluerint,
521 1548 672 1635 quoniam
685 1547 911 1613 convincentur
921 1567 937 1610 a
947 1543 1049 1625 nobis,
1060 1566 1124 1610 non
1136 1541 1284 1609 habentes

217 1653 344 1720 reddere
358 1676 485 1719 causam
496 1651 567 1718 talis
579 1653 758 1720 emissionis
767 1652 954 1718 Pleromatis
967 1651 1119 1738 ipsorum,
1132 1665 1284 1738 cogentur

216 1759 372 1840 concludi,
391 1760 436 1825 uti
454 1757 661 1825 confiteantur
684 1783 774 1846 supra
794 1758 940 1825 Pleroma
963 1757 1090 1824 alteram
1113 1758 1283 1845 quamdam

216 1888 285 1931 esse
308 1863 549 1952 dispositionem
574 1866 675 1953 magis
694 1865 876 1952 spiritalem,
892 1883 922 1932 et
939 1865 1039 1951 magis
1054 1863 1284 1944 dominantem,

217 1969 389 2036 secundum
406 1993 502 2059 quam
518 1969 729 2036 deformatum
742 1988 789 2036 est
800 1969 946 2036 Pleroma
963 1971 1114 2057 ipsorum.
1151 1970 1183 2036 Si
1198 1971 1283 2035 enirn

216 2078 410 2165 Demiurgus
430 2099 526 2143 nona
546 2078 714 2165 semetipso
737 2075 956 2165 figurationem
980 2094 1137 2142 creaturae
1156 2074 1286 2143 fabrica·
1350 2163 1354 2170 ῃ

215 2185 262 2249 vit
285 2184 389 2264 talem,
415 2182 467 2250 sed
492 2182 665 2250 secundum
688 2183 815 2250 illorum
841 2207 920 2272 quae
948 2207 1074 2250 sursum
1097 2200 1185 2249 erant
1203 2182 1284 2270 figu-

217 2313 303 2370 ram3
336 2291 456 2377 Bythus
488 2293 640 2378 ipsorum,
670 2293 724 2378 qui
747 2292 853 2378 utique
884 2290 1064 2357 huiusmodi
1088 2289 1283 2378 figurationis

216 2396 343 2483 perfecit
367 2420 436 2462 esse
455 2397 612 2479 Pleroma,
636 2399 685 2463 vel
705 2421 804 2486 aquo
827 2396 961 2484 figuram
985 2420 1096 2464 eorum
1115 2419 1194 2484 quae
1212 2413 1284 2462 ante

217 2501 365 2589 ipsanio>
388 2500 468 2569 lacta
491 2519 573 2585 sunt,
593 2505 731 2591 accepit?
777 2503 914 2591 Oportet
933 2505 1018 2570 enim
1034 2503 1084 2568 vel
1103 2504 1136 2569 in
1155 2525 1193 2568 eo
1213 2503 1284 2568 Deo

216 2610 268 2696 qui
294 2608 399 2675 lecerit
422 2607 578 2676 mundum
602 2633 799 2699 perseverare
830 2611 1027 2691 sententiam,
1049 2611 1200 2697 quoniam
1229 2632 1285 2674 sua

217 2731 367 2801 potestate
391 2734 421 2782 et
444 2739 460 2780 a
485 2719 654 2804 semetipso
677 2718 794 2805 accepit
818 2717 997 2804 exemplum
1022 2715 1131 2782 mundi
1155 2714 1286 2782 fabrica-

216 2820 330 2886 tionis:
355 2820 416 2900 vel,
436 2823 462 2886 si
487 2838 592 2888 motus
615 2825 685 2910 quis
705 2821 742 2888 ab
762 2822 823 2888 hoc
848 2821 950 2904 luerit,
970 2845 1095 2910 semper
1117 2821 1285 2909 quaerendi

217 2928 383 2992 necessitas
407 2931 476 3009 erit,
494 2927 576 2995 unde
595 2930 624 2994 ei
643 2930 696 3016 qui
720 2951 812 3017 super
834 2952 908 2995 euna
932 2946 989 3010 est,
1009 2927 1155 3016 figuratio
1173 2949 1284 2994 eorum

216 3057 294 3120 quae
319 3033 397 3100 facta
421 3050 503 3115 sunt,
521 3035 592 3121 quis
611 3051 641 3100 et
660 3058 809 3101 numerus
833 3036 1052 3116 emissionum,
1069 3052 1099 3101 et
1114 3034 1285 3101 substantia

218 3141 314 3226 ipsius
344 3140 500 3228 exempli?
547 3140 654 3232 [WH.
679 3142 751 3221 XX,
778 3141 822 3232 2].
870 3141 902 3208 Si
934 3159 1039 3208 autem
1070 3142 1157 3208 licuit
1180 3140 1285 3228 Bytho

217 3271 233 3312 a
258 3250 427 3334 semetipso
450 3249 545 3314 talem
568 3247 789 3336 figurationem
812 3250 998 3316 Pleromatis
1022 3247 1186 3337 perficere;
1210 3247 1284 3335 quid

217 3357 323 3444 utique
348 3357 524 3443 Demiurgo
554 3380 618 3423 non
648 3357 736 3423 licuit
759 3381 775 3423 a
800 3358 969 3444 semetipso
1002 3355 1157 3424 mundum
1189 3355 1283 3421 talem

219 3462 349 3529 fecisse?
396 3465 535 3532 Rursum
559 3464 653 3552 igitur
671 3465 699 3529 si
712 3464 839 3530 illorum
856 3466 963 3552 imago
979 3463 1118 3530 conditio
1137 3481 1194 3545 est,
1210 3461 1284 3552 quid

218 3569 360 3656 prohibet
383 3570 435 3636 illa
458 3593 569 3636 eorum
593 3593 671 3658 quae
695 3592 845 3657 superea
869 3587 940 3636 sunt
962 3571 1115 3658 imagines
1145 3592 1213 3636 esse
1239 3569 1286 3636 di-

255 3804 296 3870 (1)
316 3804 400 3857 Codd.
424 3805 467 3857 hic
491 3805 609 3858 inserunt
634 3806 726 3858 inscri·
780 3806 878 3872 lecerit,
897 3823 983 3878 neque
1007 3807 1109 3861 adhoc
1128 3808 1198 3878 quod
1222 3808 1286 3861 illud

221 3889 338 3957 ptionem
362 3901 516 3960 sequentem
538 3890 565 3958 (ὃ
588 3891 627 3956 4),
652 3907 726 3961 prae·
781 3891 886 3945 finxerit
905 3904 934 3946 ut
953 3893 1044 3964 imago
1058 3905 1126 3947 esset
1140 3893 1286 3946 suturarum

220 3973 287 4025 senti
299 3973 557 4026 ibidemamandata.
594 3975 688 4046 Capita
699 3977 727 4028 in
782 3987 931 4029 creatarum
967 3995 1065 4030 rerum.
1085 3977 1287 4048 -Utrumque

220 4058 271 4109 illis
290 4070 351 4110 sunt
373 4073 404 4110 22
424 4072 450 4112 et
471 4074 512 4112 21.
781 4061 854 4113 enim
873 4062 925 4114 illis
944 4063 1107 4116 contrarium
1123 4063 1180 4116 erit.

256 4143 298 4212 (2)
319 4143 484 4214 teneque
515 4144 547 4197 ad
578 4145 629 4197 hoc
657 4145 727 4215 quod
817 4147 859 4215 (3)
878 4147 898 4199 1.
918 4163 942 4200 e.
969 4159 1030 4200 ante
1058 4147 1143 4212 illum,
1161 4165 1207 4201 seu
1235 4149 1287 4203 De·

219 4227 297 4280 Pater
316 4245 384 4280 vane
403 4241 428 4281 et
444 4229 592 4299 improvide
605 4229 728 4282 Pleroma
754 4268 756 4276 .
782 4231 925 4302 miurgum.
