3288 5060
626 479 715 526 LIBER
740 478 853 524 PRlllUS
1207 477 1271 543 243

203 475 289 544 (XIV,
311 475 428 571 5-XV):]

793 579 860 586 --.
881 579 903 585 ἡ
919 579 1271 586 --.-——..-——-.-—-—--

203 675 236 740 in
251 696 317 754 sua,
332 674 531 761 proiicientes
547 670 649 739 nodos
673 674 827 760 ipsorum,
851 670 881 739 id
906 689 952 738 est
975 673 1126 738 animam.
1173 672 1212 738 Et
1234 672 1273 738 de

204 779 418 868 redemptione
450 778 577 868 quidem
609 780 752 866 ipsorum
783 778 858 846 haec
883 783 955 845 sunt
985 801 1064 867 quae
1088 777 1215 866 quidem
1240 780 1273 844 in

203 909 263 952 nos
287 902 450 952 venerunt.
497 887 610 967 Quum
631 902 736 952 autem
756 885 931 973 discrepent
947 884 985 951 ab
1002 887 1137 952 invicem
1162 903 1193 952 et
1216 885 1274 953 do-

203 995 313 1074 ctriua,
337 1009 368 1059 et
391 991 567 1072 traditione,
587 1010 617 1058 et
640 993 692 1080 qui
714 993 901 1059 recentiores
920 1015 1031 1059 eorum
1048 1010 1272 1081 agnoscuntur,

203 1097 349 1166 affectant
367 1122 422 1188 per
436 1099 578 1186 singulos
592 1098 659 1166 dies
676 1122 796 1165 novum
813 1099 928 1188 aliquid
948 1099 1138 1181 adinvenire,
1158 1118 1189 1167 et
1209 1099 1273 1166 fru-

203 1205 338 1274 ctificare
360 1205 444 1294 quod
468 1228 643 1294 numquam
669 1207 834 1296 quisquam
859 1208 1057 1294 excogitavit,
1080 1204 1196 1272 durum
1226 1223 1272 1273 est

204 1315 350 1380 omnium
374 1311 548 1380 describere
573 1313 749 1379 sententias.

272 1508 352 1575 Can.
366 1508 470 1589 XXII,
484 1529 510 1573 1.
552 1507 656 1597 [WH.
667 1507 699 1572 X
707 1507 757 1597 V].
800 1507 905 1590 Quoo
922 1529 977 1574 est
993 1529 1193 1576 propositori
1210 1529 1274 1574 ou-

205 1635 296 1682 umus
313 1635 498 1682 unererrcrs
514 1634 555 1680 ur
571 1634 641 1688 Quo
654 1634 819 1680 suuntur.
860 1615 973 1695 Quum
989 1631 1152 1681 teneamus
1168 1630 1281 1682 autem

205 1745 264 1787 nos
283 1721 424 1810 regulam
441 1720 632 1802 veritatis,(¹l
650 1719 681 1786 id
697 1736 754 1802 est,
770 1721 842 1808 quia
862 1722 902 1788 sit
922 1744 1003 1788 unus
1014 1720 1047 1775 (²)
1066 1722 1154 1787 Deus
1170 1722 1276 1788 omni-

205 1845 326 1916 potens,
342 1829 397 1917 qui
412 1829 521 1894 omnia
537 1825 676 1894 condidit
695 1850 748 1915 per
767 1825 910 1894 Verbum
931 1852 1036 1910 suum,
1052 1845 1083 1895 et
1102 1830 1227 1917 aptavit,
1245 1845 1274 1895 et

206 1933 278 2001 fecit
297 1957 337 2001 ex
357 1958 406 2016 eo,
426 1934 510 2023 quod
528 1952 687 2017 nouerat,
710 1933 748 2002 ad
768 1935 828 2002 hoc
848 1952 881 2001 ut
901 1937 963 2001 sint
982 1937 1104 2015 omnia;
1124 1933 1276 2024 quemad-

207 2039 337 2108 modum
357 2041 516 2130 Scriptura
534 2040 625 2109 dicit:
651 2070 667 2105 «
683 2041 791 2108 Verbo
807 2043 892 2109 enim
908 2043 1041 2109 Domini
1061 2043 1139 2109 caeli
1159 2042 1274 2109 firmati

211 2164 321 2230 «sunt,
337 2165 368 2214 et
386 2149 503 2236 Spiritu
520 2150 584 2215 oris
600 2150 667 2214 eius
683 2150 789 2215 omnis
804 2151 905 2215 virtus
921 2171 1032 2216 eorum
1045 2150 1119 2215 ».(³)
1160 2150 1198 2216 Et
1218 2151 1275 2215 ite-

205 2277 287 2320 rum:
310 2255 461 2323 «Omnia
480 2277 535 2343 per
554 2257 657 2343 ipsum
679 2254 758 2321 facta
777 2271 860 2336 sunt,
876 2273 907 2338 et
926 2257 993 2322 sine
1009 2257 1078 2343 ipso
1094 2255 1210 2322 factum
1228 2271 1275 2321 est

208 2389 224 2424 «
241 2359 405 2426 nihilum
451 2361 496 2426 Ex
519 2358 668 2427 omnibus
691 2377 796 2427 autem
820 2360 897 2427 nihil
921 2361 1113 2428 subtractum
1133 2379 1194 2440 est;
1219 2360 1273 2427 sed

212 2469 346 2534 «omnia
362 2490 416 2556 per
436 2469 572 2556 ipsum»
595 2467 666 2533 fecit
685 2468 785 2548 Pater,
803 2468 868 2533 sive
888 2466 1031 2551 visibilia,
1049 2470 1114 2534 sire
1134 2467 1275 2534 invisibi-

206 2574 257 2653 lia,
276 2576 342 2640 sive
359 2571 528 2654 sensibilia,
547 2576 614 2639 siue
634 2573 848 2661 intelligibilia,
865 2575 930 2640 sive
949 2573 1129 2662 temporalia
1150 2591 1275 2662 propter

206 2679 376 2768 quamdam
399 2680 691 2768 dispositionem,(⁵)
715 2681 781 2745 sive
805 2682 1003 2768 sempiterna,
1024 2696 1054 2745 et
1078 2683 1186 2747 aeonia
1210 2704 1274 2746 non

207 2879 244 2937 tlt
260 2875 332 2957 ἴδια,
351 2875 477 2962 ῥίψαντα
494 2879 545 2940 τὸν
563 2875 674 2959 δεσμὸν
692 2879 784 2939 αὐτοῦ
796 2925 802 2939 .
815 2927 822 2940 .
833 2925 859 2941 ..
880 2876 1014 2940 τουτέστι
1032 2879 1085 2959 τὴν
1101 2876 1218 2961 ψυχήν.
1231 2924 1238 2940 .
1249 2925 1275 2940 ..

208 2983 270 3048 Καὶ
291 2986 358 3069 περὶ
380 2986 435 3068 μὲν
453 2993 507 3070 τῆς
524 2983 760 3069 ἀπολυτρώσεως
780 2984 871 3048 ταῦτά
892 2984 972 3048 ἐστιν
990 2987 1050 3047 ὅσα
1068 2983 1109 3059 εἰς
1127 2984 1207 3067 ἡμᾶς
1226 3006 1277 3046 ou-

207 3091 374 3174 νελήλυθεν
376 3139 1276 3157 .................

244 3279 286 3347 (1)
305 3277 359 3331 Cir.
379 3296 403 3348 p.
427 3293 484 3346 151,
503 3291 558 3332 not.
577 3294 599 3332 r.

244 3365 285 3430 (2)
304 3362 375 3416 llaec
401 3380 545 3426 vossianus,
568 3363 663 3434 ubique
688 3363 716 3415 in

209 3446 332 3518 symbolo
347 3447 416 3499 Iren.
431 3448 540 3518 legitur:
557 3459 584 3500 at
600 3465 614 3499 a
631 3448 716 3518 primo

208 3544 274 3602 typo
304 3548 417 3585 romano
445 3533 565 3586 exsulare
597 3534 716 3596 videtum

209 3631 289 3684 quum
309 3625 399 3668 autem
417 3615 494 3668 initio
509 3617 580 3670 tertii
600 3635 668 3670 saec.
688 3616 716 3668 iu

209 3697 332 3751 eumdem
352 3697 459 3752 inducta
475 3710 563 3768 pateat
576 3699 634 3767 (cfr.
650 3698 715 3752 Can.

212 3779 312 3852 Hippol.
328 3799 369 3852 ap.
383 3782 476 3852 Fortu)
492 3799 605 3854 pronum
621 3795 661 3836 est
677 3784 717 3836 in-

210 3863 277 3919 lerre
296 3866 323 3920 id
342 3879 436 3920 eontra
455 3866 599 3921 Gnosticos
619 3867 718 3920 factum

209 3965 273 4002 esse.
305 3949 491 4005 Veruntamen
499 3951 544 4005 cfr.
553 3969 615 4005 mox
623 3969 647 4022 p.
657 3967 717 4017 244,

208 4044 264 4086 nor.
287 4048 309 4101 3.

245 4117 287 4184 (ς)
305 4117 349 4170 Ps.
377 4117 501 4184 XXXIII,
526 4119 551 4174 6.
591 4120 645 4174 Cir.
671 4125 717 4185 Εἰς

209 4204 277 4256 balb.
297 4217 324 4270 53
345 4203 378 4256 A.
399 4203 433 4256 H.
453 4204 498 4270 lll,
517 4205 544 4271 8,
568 4221 590 4275 3.

805 3277 848 3346 (4)
869 3277 970 3330 loauu.
992 3278 1012 3336 1.
1034 3291 1056 3346 3.
1093 3277 1146 3330 Csr.
1171 3295 1195 3348 p.
1219 3291 1277 3346 139,

770 3374 826 3415 nor.
848 3377 872 3426 4.
915 3361 945 3414 In
964 3363 1014 3414 hoc
1037 3363 1175 3415 «omnia»
1197 3380 1277 3432 expo-

771 3447 859 3499 nendo
884 3447 918 3499 lr.
944 3446 1039 3500 insistit
1068 3447 1101 3499 ad
1126 3447 1276 3500 elidendam

770 3529 885 3583 subulam
902 3529 1040 3602 Demiurgi
1053 3542 1159 3583 tantum
1172 3532 1277 3602 psychi-

770 3632 871 3680 corum,
901 3632 955 3668 non
984 3628 1073 3668 autem
1102 3615 1277 3685 spiritualium

771 3699 903 3752 creatoris.
941 3697 994 3752 Cir.
1011 3699 1128 3752 maxime
1147 3703 1193 3763 Εἰς
1209 3698 1277 3751 ertio.

774 3797 785 3848 5
807 3795 833 3836 et
852 3783 876 3835 8.

807 3869 850 3938 (s)
869 3866 923 3921 cn.
952 3884 976 3937 r·
1000 3883 1057 3935 155,
1076 3881 1133 3921 not·
1157 3883 1181 3935 3·
1232 3871 1279 3932 Εῑτ

772 3951 840 4006 tulo.
856 3967 897 4005 11:
913 3952 1068 4006 «Universa
1085 3965 1173 4006 autem
1187 3952 1278 4004 mundi

775 4037 931 4100 «machina,
947 4053 1013 4107 quae
1028 4037 1120 4090 omnia
1136 4036 1163 4088 in
1176 4053 1204 4089 se
1216 4052 1279 4089 con-

775 4122 874 4184 «tinet,
886 4138 1004 4192 quaeque
1020 4139 1034 4173 a
1048 4121 1106 4174 Deo
1119 4134 1180 4175 ante
1192 4121 1279 4174 homi-

775 4225 789 4255 «
799 4205 840 4258 nis
850 4206 1011 4260 creationem
1022 4217 1111 4276 aptata
1121 4217 1169 4270 est,
1176 4205 1279 4258 homini
