3238 5090
357 521 421 587 450
645 520 773 565 ineunti
797 519 958 566 inversus
981 520 1140 566 esseest-:s
1262 517 1429 586 [xxxa-7

357 717 433 784 nihil
453 713 637 796 dicentibus,
661 714 814 781 instabilia
847 730 951 781 autem
982 712 1238 782 delirantibusl¹l
1292 713 1429 796 Deinde,

357 826 453 892 etiam
476 825 502 890 si
525 845 580 911 per
603 824 688 910 ipsos
712 845 748 888 ea
770 843 849 910 quae
873 839 946 888 sunt
969 845 1062 910 super
1086 822 1199 904 caelos,
1233 823 1312 890 facta
1336 841 1429 903 sunt;

356 931 461 998 dicant
483 928 585 1011 nobis,
608 951 688 1017 quae
710 930 750 994 sit
768 929 973 995 invisibilium
997 945 1118 1011 natura,
1142 947 1284 996 enarrent
1316 953 1431 995 nume-

358 1060 429 1104 rum
453 1035 659 1125 Angelorum,
684 1052 714 1102 et
737 1034 881 1102 ordinem
904 1034 1188 1124 Archangelorum,
1210 1033 1431 1101 demonstrent

358 1145 567 1212 Thronorum
592 1159 795 1224 sacramenta,
812 1159 842 1208 et
857 1141 990 1209 doceant
1007 1141 1203 1208 diversitates
1227 1143 1431 1208 Dominatio-

358 1275 447 1332 num,
457 1251 704 1338 principatuum,
716 1265 747 1315 et
760 1251 955 1315 Potestatum
972 1265 1064 1336 atque
1077 1249 1249 1315 Virtutum.
1285 1247 1346 1314 Sed
1363 1271 1429 1315 nou

358 1355 472 1423 habent
486 1356 604 1423 dicere:
621 1377 686 1422 non
702 1377 778 1442 ergo
793 1377 848 1442 per
862 1377 917 1421 eos
938 1353 1114 1421 factasunt.
1161 1355 1195 1422 Si
1211 1371 1314 1420 autem
1330 1379 1347 1420 a
1365 1355 1431 1420 De-

359 1465 486 1552 miurgo
509 1461 588 1530 lacta
610 1479 683 1528 sunt
706 1461 792 1544 haec,
812 1463 892 1527 sicut
911 1476 941 1527 et
956 1459 1035 1527 lacta
1051 1477 1133 1542 sunt,
1149 1479 1179 1527 et
1195 1479 1268 1527 sunt
1280 1461 1430 1548 spiritalia

358 1587 388 1635 et
412 1585 530 1649 sancta3
554 1592 619 1635 non
642 1585 689 1634 est
712 1590 789 1657 ergo
811 1568 955 1634 animalis
979 1567 1029 1634 hic
1048 1569 1101 1656 qui
1121 1567 1270 1657 spiritalia
1289 1567 1430 1656 perfecit,

359 1693 388 1742 et
412 1677 514 1743 soluta
538 1692 584 1742 est
607 1675 735 1741 illorum
759 1697 873 1762 magna
896 1672 1100 1762 blasphemia.

427 1771 457 1871 γ’.
482 1783 586 1875 [WH.
610 1781 748 1863 XLVII,
767 1781 809 1872 r].
856 1782 908 1848 De
924 1802 1124 1849 assunnona
1140 1785 1304 1849 Arosaom
1324 1803 1432 1856 uchs

359 1911 403 1956 nu
428 1909 571 1958 senatun
595 1909 743 1970 cantun3
768 1909 808 1954 ev
823 1909 887 1956 cun
907 1909 999 1955 nrxrr
1017 1916 1033 1952 α
1051 1909 1119 1955 sive
1135 1909 1167 1956 tv
1184 1910 1342 1970 CORPORE,
1361 1910 1432 1954 sive

366 2025 381 2059 a
393 2017 499 2064 aaran
523 2017 645 2062 coneus
659 2021 686 2060 n.
734 1995 900 2076 Quoniam
914 1995 1001 2061 enim
1024 2011 1096 2061 sunt
1120 1995 1152 2061 in
1169 1996 1261 2062 caelis
1278 1995 1432 2083 spiritales

359 2103 566 2183 conditiones,
590 2103 754 2168 universae
777 2102 912 2168 clamant
930 2102 1116 2189 Scripturae,
1137 2119 1167 2170 et
1187 2103 1301 2169 Paulus
1324 2120 1433 2170 autem

360 2211 576 2276 testimonium
596 2207 746 2295 perbibet,
765 2207 914 2296 quoniam
936 2225 1008 2274 sunt
1025 2209 1183 2295 spiritalia,
1200 2208 1350 2296 usquead
1369 2226 1435 2274 ter-

359 2319 438 2383 tium
463 2315 584 2382 caelum
603 2331 727 2402 raptum
751 2337 784 2379 se
803 2337 871 2380 esse
891 2312 1071 2401 significans
1090 2333 1121 2382 et
1137 2337 1273 2398 rursum,
1292 2313 1433 2382 delatum

359 2446 428 2490 esse
451 2422 482 2488 in
507 2421 684 2509 paradisum
708 2439 738 2486 et
761 2417 883 2486 audisse
908 2418 1001 2486 verba
1025 2419 1252 2502 inenarrabilia,
1271 2444 1349 2510 quae
1367 2444 1435 2486 non

360 2529 431 2594 licet
455 2528 577 2594 homini
597 2527 737 2614 loqui.(²)
782 2528 820 2592 Et
835 2527 910 2615 quid
926 2527 971 2594 illi
988 2528 1124 2615 prodest,
1141 2545 1194 2594 aut
1208 2531 1241 2594 in
1252 2528 1432 2616 paradisum

359 2636 517 2714 introitus,
542 2651 593 2700 aut
614 2657 712 2722 usque
731 2635 763 2700 in
782 2635 911 2701 tertium
927 2635 1048 2700 caelum
1067 2637 1232 2716 assumtio,
1251 2659 1349 2725 quum
1371 2636 1435 2700 sint

361 2742 469 2807 omnia
492 2740 543 2806 illa
567 2739 624 2805 sub
648 2755 800 2827 potestate
823 2740 1000 2828 Demiurgi,
1031 2741 1056 2806 si
1088 2763 1200 2808 eorum
1230 2765 1311 2829 quae
1340 2763 1435 2828 super

361 2847 573 2934 Demiurgum
591 2847 736 2914 dicuntur
756 2847 982 2933 mysteriorum
1003 2848 1178 2935 speculator
1197 2865 1227 2914 et
1246 2848 1370 2915 auditor
1386 2851 1436 2914 in·

361 2950 477 3037 ciperet
499 2949 577 3032 fieri,
597 2948 868 3038 quemadmodum
892 2950 1010 3017 audent·
1029 2951 1158 3041 quidam
1181 2951 1342 3018 diceretur
1400 2953 1435 3019 Si

361 3057 447 3122 eninr
470 3058 515 3122 uti
538 3079 607 3122 earn
631 3079 710 3145 quae
733 3072 780 3122 est
804 3079 895 3143 super
919 3057 1131 3146 Demiurgum
1154 3057 1286 3125 disceret
1301 3059 1436 3146 disposi-

361 3164 493 3245 tionem,
516 3185 712 3251 nequaquam
736 3163 769 3228 in
789 3161 930 3249 hisquae
947 3179 1019 3228 sunt
1039 3163 1205 3252 Demiurgi
1219 3167 1434 3245 remansisset,

400 3321 441 3389 (1)
460 3317 514 3372 Clr.
542 3337 611 3390 supr.
638 3334 656 3372 11
676 3318 721 3372 fin.
738 3317 775 3389 (p.
798 3321 870 3388 317).
924 3319 982 3372 stici
1014 3336 1148 3390 opponere
1178 3321 1307 3384 solebant,
1337 3336 1436 3391 nempe

400 3405 441 3472 (2)
461 3402 515 3458 cfr.
531 3405 554 3456 ll
570 3403 630 3457 Cor.
646 3403 704 3468 xli,
720 3419 780 3469 2-4.
813 3403 871 3457 Ine·
925 3403 1036 3456 Paulum
1052 3419 1129 3474 supra
1143 3404 1317 3474 Demiurgum
1333 3405 1366 3457 ad
1382 3405 1434 3475 spi·

363 3488 504 3540 narrabilia
518 3489 582 3540 haec
597 3488 652 3557 ipsa
665 3499 725 3540 sunt
741 3487 872 3558 spiritales
926 3489 1011 3541 ritalia
1031 3489 1191 3558 speculanda
1209 3491 1339 3560 (inciperet
1350 3497 1435 3559 specu-

362 3585 500 3625 creaturae
513 3589 577 3643 quas
590 3573 716 3626 exsistere
732 3573 801 3625 circa
820 3573 872 3626 De·
926 3572 1067 3641 lalurfieri)
1078 3584 1242 3643 assumptum
1252 3589 1318 3626 esse.
1346 3572 1398 3626 Sed
1408 3573 1436 3625 id

364 3658 508 3726 miurgum,
531 3658 617 3727 ibique
640 3659 726 3710 solum
749 3658 872 3711 irenaeus
926 3657 1021 3710 refellit
1034 3656 1132 3710 Noster
1145 3657 1200 3728 ipsa
1213 3657 1288 3709 Pauli
1301 3657 1381 3710 verba
1397 3657 1435 3709 af-

364 3741 872 3807 contendit.-—Etrursum,i.entellum,
926 3740 1021 3806 ferens,
1034 3741 1126 3812 quibus
1138 3741 1181 3794 hic
1191 3757 1220 3794 se
1232 3741 1339 3793 nonnisi
1353 3757 1436 3811 usque

364 3839 390 3879 et
404 3825 524 3897 quidem,
539 3843 593 3878 non
606 3843 670 3878 vero
682 3827 733 3878 alia
746 3829 807 3878 adca
927 3825 960 3878 ad
970 3825 1077 3878 tertium
1088 3825 1190 3878 caelum
1202 3836 1366 3894 assumptum
1378 3841 1436 3877 esse

400 3912 442 3980 (ς)
462 3910 487 3964 Si
499 3911 625 3980 spiritalia
639 3923 665 3963 et
678 3911 873 3974 inenarrabilia,
927 3911 1014 3974 docet,
1024 3909 1091 3962 adeo
1110 3920 1147 3972 ut,
1162 3909 1235 3962 iuxta
1250 3909 1358 3961 illorum
1371 3925 1437 3980 quo-

364 3997 437 4048 iuxta
474 3994 665 4048 Gnosticorum
703 3996 874 4060 sententiam,
928 4011 978 4064 que
998 3994 1168 4056 sententiam,
1186 4010 1271 4064 neque
1293 3993 1325 4046 ad
1349 3993 1436 4064 ipsum

364 4098 418 4132 non
440 4092 499 4132 sunt
520 4081 569 4132 nisi
589 4097 666 4149 supra
689 4080 874 4150 Demiurgum,
928 4078 1105 4150 Demiurgum
1125 4091 1267 4150 perventus
1280 4079 1323 4142 sit,
1335 4079 1379 4149 qui
1393 4095 1437 4130 su-

363 4183 428 4236 ergo
457 4183 534 4235 supra
558 4165 629 4217 hunc
651 4166 747 4218 Paulus
767 4177 874 4217 evectus
929 4181 975 4234 per
1003 4165 1146 4234 septimum
1173 4165 1274 4217 habitat
1297 4164 1331 4233 (1,
1356 4177 1384 4228 v,
1405 4177 1435 4216 2:

364 4249 470 4314 l'uisset;
485 4263 510 4303 et
526 4250 551 4303 id
562 4249 672 4302 fortasse
682 4249 789 4321 quidam
800 4248 874 4302 Gno-
930 4266 972 4320 pp.
996 4249 1137 4318 107-108).
