3238 5090
171 488 279 558 (xivl,
293 487 432 555 5-xLVI1,
446 489 493 559 1).]
572 490 662 537 insen
684 489 849 536 secuxous
1177 491 1238 556 451

171 708 211 752 ne
240 686 306 773 ipsa
333 683 462 773 quidem
494 685 639 750 universa
666 683 899 772 perspeculatus
923 682 1073 771 (restabat
1096 685 1182 750 enirn
1214 686 1243 750 ei

170 790 271 858 adhuc
295 789 469 858 secundum
494 790 623 856 illorum
642 811 823 856 sermonem
843 805 988 878 quartum
1004 790 1139 871 caelum,
1149 791 1182 844 (¹)
1198 792 1242 856 uti

171 898 428 985 appropinquaret
451 897 639 984 Demiurgo,
663 911 694 961 et
725 895 897 963 subiectam
925 895 1172 983 septenationem
1196 897 1243 962 vi-

170 1002 284 1091 deret),
308 1002 362 1068 sed
393 1003 580 1090 reciperetur
612 1001 743 1068 fortasse
766 1001 817 1068 vel
839 1023 937 1090 usque
967 1002 1004 1069 ad
1030 1001 1241 1084 medietatem,

171 1107 203 1174 id
226 1125 274 1174 est
296 1106 335 1175 ad
359 1125 504 1189 matrem,
528 1110 573 1174 uti
597 1108 635 1174 ab
658 1131 694 1174 ea
716 1108 849 1176 disceret
872 1130 951 1196 quae
974 1126 1046 1176 sunt
1068 1111 1148 1176 intra
1173 1109 1243 1175 Ple-

172 1236 272 1279 roma.
330 1215 456 1280 Poterat
479 1215 564 1279 enirn
588 1215 641 1301 qui
666 1229 713 1280 est
740 1215 824 1280 intus
847 1213 947 1281 homo
971 1215 1049 1295 eius,
1065 1215 1099 1268 (²)
1128 1215 1182 1304 qui
1212 1231 1242 1282 et

171 1320 355 1409 loquebatur
379 1323 411 1388 in
434 1343 483 1402 en,
516 1319 680 1387 invisibilis
708 1323 871 1402 exsistens,
898 1321 1168 1408 quemadmodum
1195 1319 1242 1388 di-

172 1442 257 1508 cunt,
277 1450 341 1493 non
360 1443 483 1493 tantum
515 1424 674 1514 usquead
701 1428 829 1494 tertium
855 1428 989 1510 caelum,
1013 1427 1066 1496 sed
1090 1445 1119 1494 et
1144 1451 1242 1516 usque

172 1532 209 1600 ad
227 1551 361 1600 matrem
376 1533 503 1600 illorum
524 1534 696 1622 pervenire.
744 1535 776 1600 Si
796 1535 939 1615 enimse,
956 1533 1017 1601 hoc
1036 1551 1083 1602 est
1098 1537 1241 1623 ipsorum

172 1639 347 1720 hominem,
368 1641 474 1706 statim
505 1640 686 1728 supergredi
709 1639 817 1706 dicunt
840 1642 1065 1730 Demiurgum,
1096 1658 1127 1708 et
1157 1639 1242 1708 abire

171 1747 209 1813 ad
231 1763 376 1828 matrem,
396 1747 498 1812 multo
518 1748 619 1835 magis
639 1749 745 1834 utique
764 1747 910 1834 Apostoli
938 1747 1060 1814 homini
1085 1747 1146 1814 hoc
1169 1770 1241 1813 eve-

171 1853 282 1918 nisset:
307 1875 364 1919 nec
384 1854 470 1918 eninr
489 1850 701 1939 prohibuisset
716 1851 806 1918 illum
826 1853 1032 1940 Demiurgus
1051 1855 1159 1919 iamet
1176 1855 1241 1941 ipse

170 1957 328 2024 subiectus
352 1957 516 2039 Salvatori,
541 1974 575 2022 ut
598 1956 714 2024 dicunt.
773 1957 805 2023 Si
829 1974 934 2024 autem
965 1975 995 2024 et
1018 1957 1241 2046 prohibuisset,

171 2064 248 2132 nibil
272 2064 473 2153 profecisset;
492 2087 556 2131 non
580 2065 666 2130 enim
685 2064 833 2151 possibile
852 2081 897 2130 est
913 2087 986 2131 eum
1011 2065 1112 2132 Patris
1136 2067 1243 2154 provi-

172 2172 275 2239 dentia
299 2170 464 2240 fortiorem
488 2195 568 2253 esse,
591 2187 622 2238 et
645 2171 720 2238 haec
743 2195 843 2260 quum
867 2173 997 2238 interior
1016 2173 1116 2240 homo
1133 2174 1242 2240 invisi-

173 2278 243 2345 bilis
267 2281 362 2346 etiam
385 2303 403 2345 a
430 2280 607 2366 Demiurgo
630 2301 699 2344 esse
722 2277 895 2344 dicatur.<³)
948 2279 1111 2360 Quoniam
1136 2295 1240 2346 autem

173 2385 225 2452 ille
248 2387 333 2452 velut
357 2409 508 2474 magnum
532 2384 647 2475 aliquid
667 2388 832 2467 enarravit,
857 2409 921 2452 non
945 2388 1051 2474 utique
1075 2388 1125 2452 isti
1149 2409 1242 2474 super

174 2495 344 2580 septimum
360 2494 480 2559 caelum
501 2491 690 2558 ascendunt:
710 2515 775 2558 non
794 2493 879 2558 enini
899 2508 971 2558 sunt
989 2493 1136 2560 meliores
1155 2495 1242 2582 Apo-

174 2599 267 2665 stolo.
307 2599 338 2666 Si
352 2601 472 2687 seipsos
484 2598 589 2665 dicant
599 2597 840 2679 differentiores‚
852 2621 890 2663 ex
902 2597 1049 2686 operibus
1062 2615 1240 2688 arguentur:

173 2705 249 2772 nihil
265 2707 351 2772 enim
363 2705 401 2772 ab
414 2705 474 2772 illis
487 2706 547 2772 tale
561 2707 734 2773 iactitatum
748 2721 803 2770 est.
851 2705 889 2770 Et
905 2721 1032 2792 propter
1044 2704 1105 2771 hoc
1116 2703 1241 2772 adiecit:

175 2840 190 2876 a
206 2813 279 2880 Sive
291 2814 324 2878 in
336 2835 478 2901 corpore,
492 2813 559 2878 sive
578 2830 661 2880 extra
679 2834 803 2900 corpus,
816 2812 904 2878 Deus
916 2813 998 2878 scit»
1013 2812 1065 2878 :ld
1083 2813 1127 2877 uti
1141 2833 1241 2898 neque

208 3038 251 3100 (1)
270 3033 289 3087 Ι.
300 3051 322 3088 e.
336 3035 498 3105 quadruplex
511 3036 625 3099 caelum,
634 3051 680 3087 seu
770 3037 813 3102 (ς)
831 3033 886 3088 Cir.
909 3035 930 3100 l,
954 3049 1013 3100 xxi,
1035 3050 1046 3102 ς
1068 3037 1106 3106 (p.
1132 3037 1196 3102 242)
1216 3047 1242 3087 et

173 3131 298 3190 quattuor
317 3118 381 3187 (IV)
400 3119 475 3172 caeli.
736 3133 794 3181 xm,
813 3118 829 3170 6
848 3121 905 3188 (pp.
927 3119 1069 3188 179-181).

210 3204 251 3272 (2)
271 3201 391 3256 Observa
405 3203 433 3255 in
445 3204 496 3257 loc.
512 3203 555 3255 cit.
570 3202 606 3270 (ll
621 3199 680 3254 Cor.
770 3204 813 3270 (4)
833 3202 857 3255 ll
883 3202 944 3256 Cor.
970 3203 1029 3266 llll,
1054 3217 1078 3255 2.
1116 3201 1146 3256 In
1171 3219 1242 3272 seqq.

173 3287 233 3352 xll,
254 3287 282 3355 2)
301 3287 384 3340 veluti
407 3287 514 3340 tertiam
540 3303 681 3358 personam
736 3286 854 3338 maxima
870 3285 1025 3339 difficultas:
1045 3287 1184 3340 Massuer.
1198 3303 1243 3339 ex-

173 3371 245 3442 loqui
258 3372 291 3425 de
309 3371 392 3424 Paulo
408 3371 491 3424 «Scio
503 3371 681 3423 hominem„
736 3381 864 3440 punctum
892 3370 947 3422 vult
967 3387 1016 3422 non
1040 3382 1102 3424 ante
1116 3372 1242 3442 particeps

178 3475 191 3502 a
201 3467 305 3525 raptum
314 3456 420 3526 u‚quod
436 3455 525 3526 utique
547 3453 682 3506 Gnosticis
736 3465 828 3507 contra
847 3454 969 3508 codicum
986 3453 1083 3508 fidem:
1105 3455 1190 3526 arguit
1210 3471 1241 3508 ex

174 3551 361 3610 argumentum
376 3551 433 3592 erat
452 3555 596 3610 pneuma
614 3538 682 3590 Pau-
736 3555 768 3592 eo
787 3539 857 3609 quod
877 3539 987 3592 Irenaeo
1000 3539 1189 3593 vindicandum
1204 3551 1242 3592 est

175 3624 260 3677 linum
275 3623 309 3676 ibi
322 3625 402 3676 verba
415 3622 509 3686 facere,
523 3639 568 3676 seu
588 3624 631 3692 qni
648 3628 684 3674 est
735 3623 864 3693 spiritalia
883 3621 962 3676 fuisse
981 3639 1047 3693 quae
1058 3623 1154 3676 Paulus
1167 3623 1243 3684 vidit,

174 3710 242 3760 intus
261 3707 332 3760 bomo
351 3709 403 3760 eius
424 3710 452 3776 (ὁ
471 3711 524 3760 lan
544 3708 625 3760 αὑτοῦ
637 3709 681 3759 ᾶν-
735 3707 806 3778 quod
825 3707 943 3760 maxime
959 3707 1101 3777 impeditur
1114 3707 1135 3758 si
1148 3723 1243 3778 corpus

174 3791 350 3858 sparamese
361 3792 381 3856 1,
392 3805 538 3862 xx1,5;pp.
554 3792 681 3858 240-41).
736 3792 771 3844 ibi
797 3803 899 3861 partem
927 3791 1049 3845 habuisse
1074 3791 1241 3846 concedatur.

174 3875 221 3928 His
232 3892 295 3929 vero
311 3876 378 3930 lren.
392 3887 482 3947 aperte
495 3876 593 3929 evincit
603 3891 681 3946 supra
735 3876 786 3929 Sed
805 3876 882 3929 nobis
907 3876 1011 3930 videtur
1029 3877 1097 3930 Iren.
1113 3873 1243 3946 ambigui-

173 3960 349 4032 Demiurgum
383 3961 434 4014 alia
465 3961 593 4032 spiritalia
626 3977 681 4013 non
735 3971 828 4024 tatem,
855 3977 935 4031 quarn
963 3960 1107 4030 Apostolus
1129 3960 1243 4030 reliquit,

173 4061 242 4098 esse:
253 4063 315 4098 nam
326 4046 359 4098 ad
370 4045 414 4098 illa
425 4062 499 4098 secus
509 4057 599 4098 tantus
609 4047 682 4114 Apo·
735 4045 867 4114 integram
880 4045 948 4098 velle
959 4057 1037 4116 atque
1047 4045 1181 4115 utriusque
1194 4043 1243 4115 hy·

172 4131 255 4183 stolus
268 4131 352 4184 elatus
362 4144 439 4195 esset,
450 4148 531 4201 quum
544 4129 610 4182 nihil
620 4147 681 4182 eum
735 4130 852 4200 pothesis
863 4129 994 4182 rationem
1007 4129 1131 4182 reddere:
1147 4143 1243 4198 nempe

173 4215 207 4267 ibi
227 4216 368 4270 ascendere
387 4215 526 4286 prohibere
544 4215 681 4286 potuisset.
736 4213 757 4266 si
777 4213 879 4266 dicatur
902 4229 963 4266 eum
988 4214 1015 4266 in
1034 4221 1135 4284 corpore
1154 4229 1185 4266 ea
1204 4211 1244 4263 vi·
