3238 5090
209 505 424 577 (LVllll,1-2)‚]
603 511 692 558 LIBER
716 511 880 558 SECUNDUS

1207 507 1270 576 475

205 703 446 792 nuncupationis
466 721 553 772 sunt:
577 704 657 771 sicut
680 701 867 785 <secundum
891 703 1091 790 latinitatem)
1114 702 1274 770 Dominus

205 810 369 893 virtutum,
393 827 424 877 et
447 812 538 878 Pater
561 812 717 892 omnium,
742 828 772 878 et
791 812 879 877 Deus
898 811 1109 899 omnipotens
1128 827 1159 877 et
1177 810 1275 877 Altis-

206 917 316 1000 simus,
340 934 370 984 et
393 918 553 985 Dominus
576 918 748 999 caelorum,
771 934 801 984 et
826 918 969 998 Creator,
985 933 1016 984 et
1036 916 1224 999 Fabricator,
1244 934 1274 984 et

207 1022 321 1089 similia
345 1023 404 1105 his,
428 1046 493 1089 non
516 1023 641 1090 alterius
665 1023 741 1090 haec
771 1040 854 1105 sunt,
878 1023 930 1091 sed
953 1023 1048 1090 unius
1071 1021 1273 1111 eiusdemque

207 1130 456 1217 nuncupationes
478 1147 508 1196 et
527 1132 726 1219 pronomina,
746 1153 800 1221 per
820 1153 898 1220 quae
918 1154 998 1196 unus
1017 1131 1105 1197 Deus
1129 1147 1159 1197 et
1182 1131 1274 1196 Pater

207 1235 393 1317 ostenditur,
404 1237 459 1324 qui
475 1239 614 1304 continet
630 1239 748 1318 omnia,
766 1254 796 1304 et
812 1235 961 1305 omnibus
976 1253 1011 1303 ut
1025 1238 1088 1304 sint
1103 1254 1273 1325 praestans

274 1365 305 1429 4.
329 1342 436 1434 [WH.
465 1344 583 1424 LVIII,
610 1343 655 1434 al.
707 1345 873 1426 Quoniam
905 1361 1010 1411 autem
1037 1343 1129 1412 dictis
1157 1346 1274 1411 nostris

207 1466 360 1518 consonat
382 1450 569 1539 praedicatio
589 1450 817 1539 apostolorum,
837 1467 867 1517 et
887 1451 1020 1518 Domini
1045 1453 1274 1540 magisterium,

207 1574 238 1624 et
261 1555 485 1645 prophetarum
516 1558 722 1635 annuntiatio
754 1572 784 1624 et
818 1555 1037 1647 apostolorum
1069 1555 1209 1639 dictatio,
1243 1574 1274 1625 et

208 1662 412 1753 legislationis
454 1665 653 1744 ministratio,
664 1664 698 1717 (¹)
739 1688 838 1732 unum
877 1662 1087 1752 eumdemque
1128 1665 1274 1730 omnium

208 1771 312 1836 Deum
326 1770 451 1837 Patrem
471 1768 684 1851 laudantium3
704 1785 733 1836 et
753 1793 818 1836 non
830 1770 926 1836 alium
942 1787 1034 1858 atque
1050 1770 1159 1851 alium,
1174 1792 1275 1857 neque

139 1943 141 1948 .
207 1901 245 1944 ex
274 1875 405 1944 diversis
429 1876 489 1944 diis
512 1895 564 1944 aut
588 1875 745 1946 virtitibus
777 1876 982 1944 substantiam
1008 1874 1196 1958 habentem;
1220 1875 1275 1943 sed

207 2007 245 2050 ex
269 2006 333 2049 uno
356 2000 387 2050 et
410 1982 523 2050 eodem
543 1985 635 2050 Patre
653 1985 761 2051 omnia
780 1983 850 2074 (qui
869 1999 975 2050 tamen
999 1999 1081 2071 aptat
1100 1982 1274 2051 secundum

207 2090 435 2158 subiacentium
450 2107 574 2157 naturas
590 2107 621 2157 et
635 2089 905 2179 dispositionem),
921 2107 952 2157 et
968 2113 1068 2178 neque
1088 2089 1126 2156 ab
1145 2091 1274 2178 angelis,

208 2219 305 2286 neque
329 2195 366 2264 ab
390 2198 447 2264 alia
470 2196 605 2286 quadam
629 2198 754 2277 virtute,
779 2194 832 2263 sed
856 2220 872 2264 a
896 2196 965 2262 solo
989 2196 1060 2263 Deo
1084 2197 1175 2263 Patre
1200 2197 1275 2264 visi-

208 2303 278 2370 bilia
301 2321 393 2394 atque
416 2303 593 2387 invisibilia,
617 2320 647 2370 et
671 2306 779 2370 omnia
803 2305 938 2371 omnino
961 2327 1179 2393 quaecumque
1195 2303 1275 2371 facta

207 2427 290 2492 sunt,
313 2409 447 2479 arbitror
465 2411 592 2501 quidem
610 2409 801 2478 sufficienter
821 2427 956 2492 ostensa,
976 2427 1006 2478 et
1026 2434 1080 2499 per
1099 2411 1175 2477 haec
1191 2427 1275 2478 tanta

207 2542 271 2586 uno
287 2537 414 2586 ostenso
430 2521 501 2586 Deo
518 2521 608 2586 Patre
625 2517 741 2585 factore
758 2517 956 2584 omniurn.(²)
994 2517 1054 2586 Sed
1072 2541 1111 2584 ne
1130 2535 1276 2606 putemur

207 2625 314 2715 lugere
337 2627 423 2694 illam
442 2650 521 2715 quae
536 2651 573 2692 ex
592 2626 761 2713 Scripturis
777 2625 960 2692 Dominicis
980 2641 1026 2691 est
1046 2622 1276 2713 probationem,

206 2733 280 2822 ipsis
312 2734 481 2822 Scripturis
512 2733 613 2800 multo
646 2730 843 2799 manifestius
872 2747 902 2798 et
933 2731 1048 2798 clarius
1080 2731 1140 2798 hoc
1171 2733 1274 2819 ipsum

126 2945 128 2950 ’
206 2948 323 3019 suggerit
338 2949 379 3001 Ps.
398 2947 519 3012 LXVIII,
536 2949 602 3015 4—5)
622 2947 713 3018 [Vulg.
765 2949 796 2999 τὸ
815 2949 900 3013 ὄνομα
919 2949 999 3020 αὐτοῦ
1019 2946 1062 2999 ubi
1081 2945 1154 2998 Lxx
1174 2945 1275 3017 simpli-

205 3030 313 3096 LXVII,
329 3030 389 3101 5-6]
404 3032 474 3098 quod
494 3032 566 3085 iuxta
585 3032 658 3085 hebr.
671 3048 713 3084 so·
766 3030 830 3082 citer
837 3032 932 3096 Κύριος
942 3033 1026 3096 ὄνομα
1036 3031 1274 3100 αὐτοῦροευετυηῐ.

189 3129 264 3186 ¹nat:
287 3116 424 3170 «Cantate
442 3117 509 3181 Deo,
525 3117 655 3188 psalmum
675 3117 713 3169 di·
766 3114 846 3177 Quod
857 3115 877 3167 si
891 3115 955 3168 haec
966 3113 1113 3168 dIfficiliora
1126 3115 1275 3181 videantur,

209 3221 223 3250 u
232 3201 283 3254 cite
302 3203 325 3254 ei
345 3201 372 3254 in
391 3201 500 3254 nomine
519 3201 574 3254 eius
592 3201 647 3254 lah.
766 3199 878 3253 sufficiat
901 3200 1068 3272 praecipuum
1096 3217 1205 3270 scopum
1230 3219 1275 3255 au-

209 3283 279 3338 «lah
298 3302 398 3338 nomen
413 3287 482 3349 eius;
496 3297 569 3356 pater
582 3285 713 3356 orphano·
767 3285 846 3338 ctoris
864 3296 964 3350 tenere,
983 3286 1026 3357 qui
1052 3285 1217 3339 demonstrat
1236 3287 1275 3339 di-

210 3387 301 3434 arum,
320 3369 397 3423 iudex
425 3370 564 3422 viduarum
593 3370 662 3422 Deus
686 3370 713 3422 in

209 3454 382 3506 «sanctuario
400 3471 482 3507 suo».
519 3454 597 3507 Pater
618 3455 713 3524 orpha·

206 3557 311 3604 norum,
334 3539 412 3592 iudex
437 3539 576 3592 viduarum
601 3540 712 3610 explicat

206 3625 278 3677 iuxta
292 3623 399 3696 Ilarvey
412 3625 482 3696 quod
493 3624 560 3677 Iren.
572 3625 635 3678 dicit
649 3625 713 3695 aqui

209 3726 223 3756 u
232 3708 276 3761 dat
296 3706 386 3778 fugam
413 3708 544 3760 malorum
555 3727 586 3773 »3
607 3709 713 3779 insuper

206 3793 396 3846 attendendum
424 3805 464 3845 est
489 3809 588 3846 nomen
608 3793 658 3846 hoc
677 3805 713 3885 fl:

205 3908 247 3961 hic
260 3907 341 3960 veluti
360 3908 387 3960 in
401 3909 505 3979 propria
519 3909 580 3961 sede
595 3909 713 3961 exhiberi

204 3993 271 4046 adeo
295 4004 323 4045 ut
346 3992 522 4064 Symmachus
547 4005 572 4046 et
599 3993 712 4046 secunda

204 4093 271 4129 vers,
278 4075 548 4148 inOnloeuIIexupla
554 4077 604 4129 hoc
614 4093 713 4128 nomen

203 4160 284 4214 etiarn
295 4160 322 4213 in
332 4161 433 4230 graecis
443 4161 574 4213 retineant
584 4177 659 4230 resp:
670 4164 714 4213 διὰ

204 4247 313 4313 robiani
324 4243 453 4311 drepanius
465 4246 545 4298 αὐτοῦ
558 4257 584 4298 et
598 4248 626 4297 ἐν
638 4252 675 4311 τῷ
684 4249 713 4296 iat

766 3369 849 3421 versis
870 3369 946 3422 unius
977 3368 1026 3422 Dei
1057 3357 1209 3423 nominibus
1236 3371 1275 3424 di·

766 3471 857 3508 versos
885 3463 977 3507 tamen
1004 3455 1068 3507 deos
1095 3471 1149 3507 non
1178 3455 1274 3508 notari.

767 3537 944 3590 Fsunnoeur.

803 3637 846 3703 (ι)
874 3639 907 3689 Ἦ
937 3637 984 3688 τοῦ
1017 3640 1098 3703 νόμου
1129 3641 1274 3704 οἰκονομία.

766 3720 838 3774 loco
845 3721 951 3773 secundi
968 3739 980 3769 a
991 3722 1170 3791 apostolorum
1181 3743 1194 3772 ›>
1212 3723 1274 3793 quid

767 3806 836 3858 aliud
856 3823 888 3858 ex
902 3804 934 3856 V.
947 3804 980 3858 T.
996 3806 1113 3858 medium
1134 3805 1202 3860 inter
1216 3824 1274 3876 pro-

767 3889 858 3958 phetas
878 3899 904 3941 et
927 3886 1025 3958 Lugent
1048 3887 1213 3942 inferendum
1236 3891 1274 3942 vi-

767 3974 843 4026 detur
862 3991 895 4025 ne
914 3975 1075 4039 ταυτολογία
1094 3973 1230 4028 habeatur.

803 4079 844 4145 (2)
864 4078 883 4130 I.
897 4095 919 4130 e.
932 4078 1015 4130 semel
1033 4091 1141 4131 ostenso
1154 4096 1208 4131 uno
1218 4079 1275 4132 Deo

768 4161 852 4226 Patre,
866 4161 944 4214 simul
957 4173 1062 4215 ostensa
1075 4162 1188 4216 arbitror
1201 4175 1274 4216 tanta

767 4263 833 4317 quae
853 4246 914 4299 dixi.
