3230 5062
354 477 415 560 136
640 495 767 541 rusuner
791 493 950 542 auvnnsus
973 494 1128 541 uurnrsrs
1265 491 1349 562 [vl11‚
1364 508 1413 560 ,μς

349 704 454 754 autem
473 686 570 768 illam,
586 709 664 776 quae
684 686 814 754 mundat
831 685 977 769 domum,
993 701 1024 752 et
1042 687 1163 752 invenit
1181 683 1418 768 drachmam,<¹)

349 795 544 881 superiorem
571 791 722 880 Sophiam
746 807 872 860 narrant
894 791 973 860 dici:
998 813 1088 880 quae,
1111 815 1210 880 quum
1233 790 1418 880 perdidisset

348 901 556 968 intentionem
580 923 680 981 suam,
703 917 776 988 post
793 896 915 981 deinde,
935 899 1094 968 mundatis
1108 899 1258 966 omnibus
1280 923 1335 988 per
1350 901 1417 968 Sal-

348 1010 467 1075 vatoris
490 1007 672 1084 adventum,
687 1009 807 1075 invenit
829 1031 899 1074 eam
911 1033 919 1088 ;
933 1010 1085 1097 quoniam
1102 1025 1133 1075 et
1148 1008 1224 1075 haec
1244 1009 1417 1076 restituitur

349 1113 523 1181 secundum
539 1136 594 1180 eos
609 1115 688 1180 intra
701 1113 858 1180 Pleroma.
905 1115 1046 1201 Symeon
1062 1131 1168 1180 autem
1183 1138 1268 1196 eum,
1282 1116 1336 1203 qui
1356 1141 1371 1177 ι(
1383 1115 1415 1181 in

354 1243 495 1286 «manus
511 1242 582 1286 suas
596 1220 714 1308 accepit
734 1219 910 1302 Christum,
924 1236 955 1286 et
969 1221 1084 1308 gratias
1100 1222 1165 1308 egit
1176 1220 1258 1302 De0‚
1275 1237 1305 1287 et
1320 1217 1414 1288 dixit:

355 1327 476 1394 «Nunc
499 1327 633 1392 remittis
657 1348 785 1392 servum
808 1342 909 1407 tuum,
926 1326 1076 1408 Domine,
1100 1325 1273 1394 secundum
1294 1349 1417 1394 sermo-

355 1455 456 1498 «nem
468 1449 559 1498 tuum
572 1432 604 1498 in
616 1454 690 1520 pace
701 1457 716 1495 >r
725 1431 771 1511 ,<²)
782 1447 895 1519 typum
907 1455 976 1499 esse
988 1433 1155 1522 Demiurgi
1165 1433 1284 1517 dicunt,
1296 1435 1349 1523 qui
1361 1457 1417 1501 ve-

348 1539 453 1605 niente
464 1537 625 1605 Salvatore
640 1537 746 1605 didicit
757 1538 1034 1626 transpositionem
1045 1540 1181 1623 suam,(³)
1188 1557 1219 1606 et
1230 1542 1345 1628 gratias
1352 1542 1416 1629 egit

348 1644 463 1732 Bytho.
501 1643 540 1712 Et
554 1667 608 1733 per
620 1647 758 1726 Annam,
773 1668 853 1734 quae
867 1646 900 1711 in
914 1645 1085 1735 Evangelio
1092 1647 1125 1700 (4)
1136 1646 1250 1714 dicitur
1266 1663 1414 1735 «septem

350 1753 471 1820 «annis
496 1774 569 1818 cum
592 1753 662 1818 viro
685 1753 799 1818 vixisse
812 1779 844 1834 n,
862 1752 1019 1840 reliquum
1042 1769 1148 1820 autem
1171 1776 1267 1820 omne
1289 1771 1415 1841 tempus

347 1859 440 1927 vidua
458 1881 683 1950 perseverasse,
698 1858 799 1926 donec
818 1857 948 1926 vidisset
964 1858 1170 1939 Salvatorem,
1186 1876 1216 1926 et
1235 1862 1415 1948 agnovisset

348 1989 433 2046 eum,
449 1984 480 2033 et
495 1967 674 2056 loqueretur
687 1963 725 2032 de
738 1987 776 2032 eo
792 1963 951 2046 omnibus,
968 1963 1224 2032 manifestissime
1235 1965 1414 2033 Achamoth

347 2182 400 2244 καὶ
422 2179 618 2266 εὑρίσκουοαν
640 2181 694 2263 τὴν
716 2179 864 2265 δραχμὴν,
883 2181 937 2262 τὴν
954 2179 1017 2242 ἄνω
1040 2177 1153 2263 Σοφίαν
1174 2179 1345 2264 διηγοῦνται
1366 2179 1416 2244 λέ-

346 2289 469 2372 peceat,
493 2289 556 2372 ἥτις
579 2287 758 2351 ἀπολέσασα
780 2289 834 2370 τὴν
857 2286 1022 2371 ἐνθύμησιν
1044 2287 1145 2372 αὑτῆς,
1169 2291 1293 2373 ὕστερον
1315 2288 1415 2352 καθα-

347 2392 511 2479 ρισθέντων
521 2393 640 2457 πάντων
651 2393 699 2456 διὰ
710 2401 763 2477 τῆς
770 2402 823 2456 τοῦ
831 2392 971 2477 Σωτῆρος
986 2393 1151 2479 παρουσίας
1162 2395 1292 2478 εὑριστατ
1303 2395 1412 2478 αὐτήν·

347 2499 392 2564 διὸ
413 2503 467 2564 καὶ
488 2500 598 2584 ταύτην
620 2499 891 2564 ἀποκαθίστασθαι
906 2497 976 2563 κατ’
987 2501 1077 2577 αὐτὸς
1094 2501 1177 2577 ἐντὸς
1195 2498 1414 2586 Πληρὼματος.

348 2607 495 2693 Συμεῶνα
509 2607 543 2672 δὲ
558 2611 608 2672 τον
623 2608 728 2684 εἰςτὰς
740 2607 879 2692 ἀγκάλας
894 2607 1024 2694 λαβόντα
1036 2610 1087 2672 τὸν
1099 2607 1241 2692 Χριττον,
1257 2610 1310 2672 καὶ
1324 2611 1415 2693 εὐχα-

347 2715 527 2801 ριστήσαντα
543 2723 584 2796 τῷ
600 2714 733 2800 Χριστῷ,
749 2715 802 2778 καὶ
817 2711 957 2778 εἰπόντα·
980 2739 996 2775 r<
1007 2713 1072 2779 Νῦν
1087 2714 1227 2802 ἀπολύεις
1242 2719 1293 2779 τὸν
1307 2715 1415 2780 δοῦλόν

350 2846 365 2883 «
380 2843 444 2904 σου,
469 2821 612 2901 δέσποτα,
636 2823 764 2884 κατὰτὸ
779 2819 930 2905 ρῆμᾶοου
945 2821 977 2884 ἑν
993 2820 1138 2906 εἰρήνῃ»,
1157 2821 1250 2884 τύπον
1269 2823 1343 2886 εἶναι
1360 2831 1414 2886 τοῦ

347 2928 537 3013 Δημιουργοῡ
551 2925 700 3012 λέγουσιν,
716 2929 750 3004 ὃς
765 2924 908 3003 ἐλθόντος
922 2937 975 2992 τοῦ
987 2927 1127 3012 Σωτῆρος
1142 2928 1242 3013 ἔμαθε
1257 2931 1310 3013 τὴν
1326 2929 1415 3013 μετά-

346 3035 434 3099 θεσιν
457 3037 558 3115 αὐτοῦ,
576 3037 629 3097 καὶ
646 3033 851 3118 ηὐχαρίστησε
869 3040 911 3117 τῷ
929 3033 1034 3117 Boeo.
1081 3032 1145 3097 Καὶ
1161 3035 1210 3098 διὰ
1227 3044 1281 3118 τῆς
1299 3033 1414 3112 Ἀννας

346 3151 399 3227 τῆς
417 3143 449 3205 ἐν
467 3149 509 3224 τῷ
528 3140 709 3226 Εὐαγγελίῳ
726 3140 954 3225 κηρυσσομένης
970 3139 1159 3224 προφήτιδος,
1175 3141 1253 3205 ἑπτὰ
1267 3142 1320 3226 ἔτι]
1336 3145 1413 3225 μετὰ

346 3249 452 3334 ἀνδρὸς
473 3248 625 3332 ἑζηκυὶας,
648 3251 699 3311 τὸν
721 3248 755 3310 δὲ
778 3245 882 3310 λοιπὸν
904 3249 1022 3310 ἅπαντα
1045 3247 1153 3333 χρόνον
1171 3247 1268 3332 χήρας
1286 3269 1413 3333 pepon]-

346 3355 442 3436 ποίας,
466 3357 553 3440 ἄλΡῑς
575 3357 610 3418 oi>
632 3358 682 3418 τὸν
705 3353 833 3438 Σωτῆρα
851 3351 955 3416 ἰδοῦσα
972 3351 1091 3437 ἐπέγνω
1113 3355 1212 3435 αὐτὸν,
1236 3356 1288 3418 καὶ
1310 3353 1413 3418 ἐλάλει

346 3463 415 3546 περὶ
437 3463 528 3525 αὐτοῦ
550 3471 634 3543 πᾶσι,
658 3459 851 3544 φανερώτατα
873 3462 926 3544 τὴν
950 3457 1108 3545 Ἀχαριλιθ
1131 3459 1300 3545 μηνῢεοθαι
1326 3460 1413 3544 διορί-

382 3635 424 3702 γι)
443 3633 509 3686 Leo.
525 3633 585 3698 XV,
613 3634 637 3686 8.
684 3633 851 3704 Ampliorem
905 3631 1017 3684 dimittis
1046 3632 1088 3684 hic
1116 3643 1222 3686 tantum
1245 3632 1341 3686 habes:
1365 3631 1411 3686 cf.

344 3719 538 3790 expositionem
549 3719 697 3788 gnosticam
705 3719 798 3770 harum
807 3735 852 3788 pa·
905 3716 951 3780 111,
967 3733 1007 3781 το,
1027 3731 1049 3782 53
1070 3713 1109 3780 16,
1121 3731 1154 3782 4;
1168 3715 1214 3782 IV,
1230 3732 1255 3786 7,
1271 3733 1292 3769 1.

345 3805 496 3857 robolarum
515 3803 595 3855 habes
613 3801 681 3854 inira
700 3819 722 3856 c.
737 3801 809 3854 XVI.
941 3803 983 3868 (3)
1002 3801 1054 3854 Scl.
1080 3801 1107 3854 in
1129 3801 1308 3854 medietatem.
1345 3799 1412 3868 (Cir.

382 3891 423 3958 (2)
443 3887 508 3940 Luc.
528 3887 561 3952 11,
585 3887 680 3958 28-29,
702 3903 735 3940 ex
759 3887 851 3956 quibus
906 3885 965 3950 Vll,
978 3902 1000 3950 1,
1013 3903 1037 3957 p.
1053 3901 1097 3940 121
1114 3886 1195 3938 etiam
1204 3886 1274 3957 quod
1286 3886 1411 3956 gaudium

345 3974 446 4044 primus
458 3971 544 4040 magis
558 3982 687 4034 mutatur;
700 3983 764 4022 nota
778 3987 851 4040 prae·
906 3982 932 4024 et
950 3971 1049 4040 reliqua
1068 3969 1190 4040 spectat).

346 4056 436 4110 sertim
448 4073 495 4126 pro
505 4057 651 4122 ίυλόγηοεν
661 4057 706 4106 τὸν
714 4057 781 4106 Θεὸν
789 4054 851 4124 poni
942 4057 984 4120 (4)
999 4055 1065 4108 Luc.
1085 4053 1118 4120 11,
1134 4051 1173 4122 36.
1212 4056 1310 4118 ’Δννας
1329 4055 1357 4107 in
1372 4071 1411 4124 gr.

345 4143 617 4208 εὐχαριστήσαντατῷ
624 4143 726 4205 Χριστῷ
735 4141 782 4204 (ex
793 4139 850 4191 cod.
905 4139 1019 4191 restituit
1039 4139 1170 4192 Drh'oonr
1185 4155 1217 4192 ex
1233 4139 1291 4191 cod.
1307 4137 1411 4192 Veneto

346 4223 429 4289 Ven.;
451 4225 509 4276 edd.
535 4227 627 4290 αὐτῷ).
666 4221 784 4274 Remittis
804 4239 851 4292 pro
906 4221 1074 4292 Ephiphanii.
