3172 5044
401 435 445 480 DE
468 435 654 482 SUBDITITIIS
675 437 804 482 IRENAEI
826 436 960 483 SCRIPTIS
1176 439 1214 506 23

146 647 314 706 mentum
328 633 394 728 (ex
413 657 541 731 graec.
562 633 653 731 Xll)
673 634 722 706 ad
742 633 813 706 hoc
833 659 929 732 opus
948 635 1107 710 sortasse
1135 663 1217 734 per-

144 756 268 831 tinens
297 755 446 854 integre
482 757 689 854 reperiatur
716 757 753 831 in
782 783 987 856 omonymo
1019 760 1217 858 Hippolyti

144 880 248 966 libro,
282 882 328 960 lr.
348 881 639 955 abiudicandum
666 883 825 957 videtur.
883 885 978 958 ltem
1000 886 1145 960 nonnisi
1167 913 1215 960 ex

144 1005 360 1079 coniectura
388 1005 569 1103 suspicari
597 1007 681 1104 quis
708 1023 834 1106 potest
862 1007 1058 1105 epistolam
1088 1010 1217 1085 Eccle-

143 1128 221 1204 siae
240 1130 510 1229 Lugdunensis
524 1132 572 1204 de
587 1131 663 1204 suis
683 1157 783 1206 anno
804 1135 969 1224 177·178
988 1133 1214 1231 martyribus

142 1253 190 1327 ab
200 1254 247 1326 lr.
260 1270 454 1328 exaratam
470 1254 593 1340 fuisse,
607 1279 653 1329 eo
664 1256 766 1352 quod
782 1282 935 1353 prorsus
950 1257 1082 1332 similia
1094 1259 1215 1332 Oecu-

143 1379 292 1452 menius
309 1404 358 1452 ex
372 1379 537 1476 quodam
566 1380 611 1452 lr.
642 1386 718 1472 Περὶ
735 1396 788 1451 τοῦ
811 1387 953 1472 Σάγκτου
975 1392 1027 1452 καὶ
1050 1387 1215 1476 Βλανδίνης

143 1507 323 1600 (Bul-tul)
351 1503 492 1601 scripto
521 1504 667 1577 reserat.
725 1505 890 1578 Demum
920 1507 964 1579 lr.
996 1507 1109 1581 etiam
1129 1509 1215 1582 scri-

143 1627 264 1724 psisse
292 1637 371 1699 κατὰ
393 1644 446 1719 τῆς
469 1644 526 1698 τῶν
550 1645 662 1720 μιαρῶν
688 1635 817 1720 ‘Optabo
844 1637 1050 1722 αἰρεσιαρχίας
1083 1649 1215 1706 auctor

141 1769 199 1826 est
235 1780 333 1828 unus
356 1755 581 1828 Anastasius
610 1754 752 1828 Sinaita
785 1755 864 1852 (lib.
895 1757 933 1828 X
963 1758 1005 1829 z'n
1033 1758 1212 1855 Exaem.)

142 1879 205 1975 qui
241 1879 355 1953 etiam
396 1879 636 1976 perspicuum
678 1880 930 1978 fragmentum
975 1881 1062 1954 inde
1106 1883 1214 1955 aflert

144 2003 208 2098 (ex
241 2027 369 2102 graec.
404 2002 527 2100 XIV).
585 2003 708 2076 Huius
736 2004 953 2078 authentiae
982 2030 1095 2079 causa
1128 2032 1213 2079 cum

141 2128 312 2224 praelato
333 2127 480 2200 Comm.
503 2127 540 2200 in
564 2127 735 2200 Genesim
764 2127 853 2200 mihi
874 2128 1084 2202 communis
1111 2128 1213 2201 vide-

141 2267 219 2326 tur:
250 2252 428 2349 equidem
457 2252 738 2327 assentiendum
768 2278 842 2326 non
873 2269 930 2328 est
958 2254 1002 2326 cl.
1034 2254 1213 2328 Harnack

141 2377 230 2450 illud
261 2377 437 2476 gnostico
464 2376 590 2476 Apelli
620 2378 698 2451 fere
727 2403 801 2451 non
830 2377 1077 2452 adscribenti!

227 2524 352 2593 19·2o.
383 2501 550 2575 Tantum
586 2501 781 2576 verbulum
817 2504 1032 2576 addendum
1070 2519 1128 2576 est
1164 2503 1212 2576 de

139 2627 426 2702 Commentario
454 2626 491 2700 in
519 2628 787 2725 Apocalypsim
813 2651 925 2724 quem
951 2629 987 2701 in
1009 2653 1075 2701 ms.
1106 2627 1212 2701 Alto-

139 2752 335 2850 burgiensi
369 2753 560 2825 detectum
595 2752 768 2826 Martene
805 2768 842 2824 et
877 2752 1035 2826 Durand
1069 2753 1114 2824 Ir.
1150 2752 1213 2826 ad·

138 2877 380 2973 scripserunt.
439 2876 585 2950 Omnes
622 2875 721 2949 enim
760 2875 876 2949 critici
906 2902 982 2950 non
1018 2901 1130 2973 posse
1164 2877 1209 2950 lr.

139 3000 283 3075 loetum
320 3026 403 3074 esse
431 3016 612 3086 asserunt,
648 3000 788 3098 quippe
818 3001 855 3074 in
886 3027 963 3098 quo
996 3001 1089 3085 Arii,
1121 3002 1211 3075 Am·

137 3125 255 3200 brosii
300 3141 338 3198 et
372 3124 577 3222 Augustini
613 3151 730 3223 saepe
772 3125 912 3200 mentio
949 3125 1023 3199 fiat.
1080 3126 1210 3198 Alium

137 3265 265 3324 autem
294 3249 603 3322 commentarium
623 3231 666 3321 in
679 3250 836 3345 Apocal.
859 3250 1050 3348 scripsisse
1071 3251 1115 3322 lr.
1139 3249 1210 3323 uti-

138 3399 211 3471 que
228 3374 378 3470 probari
394 3387 528 3472 potest.
578 3374 671 3446 Item
686 3389 773 3471 post
786 3374 1099 3448 absolutissimam
1116 3375 1209 3448 Har-

139 3497 262 3572 nackii
291 3494 635 3571 dissertationem&
663 3499 804 3572 nullum
842 3517 1014 3597 superest
1040 3501 1206 3584 dubium,

138 3622 350 3721 fragmenta
378 3637 555 3719 quattuor
590 3647 612 3696 a
649 3623 885 3721 Tubingensi
914 3624 1012 3698 Plafs
1040 3651 1073 3699 a.
1111 3645 1206 3718 1715

136 3747 315 3846 evulgata
347 3774 396 3821 ex
424 3746 664 3822 innominatis
693 3748 884 3822 codicibus
912 3749 1209 3824 Taurinensibus

139 3873 252 3970 (frag.
269 3897 395 3970 graec.
415 3875 550 3970 39·4²)
568 3874 745 3970 (quorum
761 3890 887 3947 tamen
902 3874 1117 3972 genuinitas
1132 3876 1208 3971 plu·

137 3995 240 4070 ribus
267 3995 389 4070 doctis
407 3997 496 4070 viris
515 3997 663 4071 suaderi
685 4021 758 4071 non
785 4003 976 4096 potuerat)
1008 3999 1096 4072 nihil
1125 4024 1209 4071 esse

208 4153 251 4220 (1)
272 4151 322 4204 Die
340 4150 460 4205 Irenaeus
479 4151 587 4224 Fragm.
604 4153 641 4206 nls
656 4153 746 4222 Psuffs
765 4153 937 4225 Fnlsrlmugen
958 4155 1108 4220 unlersuchl,
1133 4157 1208 4225 1899.
