3238 5090
383 507 448 591 466
674 526 801 572 trevam
825 527 984 574 ADVERSUS
1008 527 1163 572 naereses
1249 525 1453 595 [xxxl11,3-5

382 735 471 800 terat,
486 721 546 786 nisi
563 720 668 786 solum
684 716 759 785 illud
772 717 858 806 quod
874 719 907 786 in
922 720 1077 807 praesenti
1092 717 1226 786 videbat.
1274 719 1456 802 Quomodo

382 843 488 892 autem
507 841 538 892 et
560 825 666 892 divina
688 824 831 902 disceret,
855 842 886 892 et
910 827 1107 892 meminisset
1135 827 1276 914 ipsorum
1300 826 1456 892 exsistens

382 935 414 1000 in
439 954 581 1022 corpore,
604 931 730 1020 quando
753 931 803 1014 sit,
827 948 862 998 ut
885 933 981 1013 aiunt,
1005 933 1110 1020 ipsum
1134 955 1248 1020 corpus
1270 931 1458 1000 obliviotvt

382 1038 443 1106 Sed
465 1056 496 1105 et
519 1037 688 1127 prophetae
718 1039 777 1126 ipsi
807 1061 906 1126 quum
937 1057 1040 1105 essent
1064 1039 1096 1104 in
1120 1054 1213 1120 terra,
1236 1061 1456 1129 quaecumque

381 1146 557 1234 spiritaliter
577 1143 750 1212 secundum
767 1146 906 1212 visiones
923 1145 1105 1212 caelestium
1123 1145 1230 1213 vident
1244 1147 1294 1214 vel
1311 1147 1455 1228 audiunt,

381 1253 441 1340 ipsi
463 1275 589 1341 quoque
613 1253 825 1318 meminerunt
840 1251 1052 1319 inhominem
1072 1253 1261 1334 conversi,(²l
1276 1271 1307 1320 et
1323 1255 1456 1342 reliquis

381 1359 583 1426 annuntiant:
602 1374 633 1424 et
652 1380 716 1424 non
733 1377 847 1445 corpus
863 1357 1058 1425 oblivionem
1077 1357 1173 1425 efficit
1195 1361 1319 1426 animae
1338 1383 1454 1428 eorum

380 1491 459 1556 quae
483 1467 659 1555 spiritaliter
681 1467 749 1532 visa
772 1482 864 1546 sunt3
883 1465 937 1533 sed
956 1468 1061 1533 anima
1080 1466 1173 1534 docet
1192 1491 1315 1557 corpuS,
1332 1485 1361 1535 et
1381 1492 1456 1558 par-

381 1576 489 1662 ticipat
510 1573 550 1641 de
574 1571 703 1661 spiritali
727 1574 754 1639 ei
779 1570 858 1639 lacta
881 1574 1014 1639 visione.

446 1702 477 1766 4.
502 1678 606 1770 [WH.
632 1677 741 1770 LIII}
789 1679 953 1760 Quounm
982 1699 1015 1746 nv
1043 1701 1197 1748 conponas
1228 1701 1457 1748 counuutoua

379 1805 446 1854 ,von
471 1806 605 1854 nunna
628 1806 703 1852 suas
726 1805 881 1853 vmrurns
904 1805 1018 1852 aurun.
1064 1787 1140 1855 Non
1162 1788 1248 1854 enim
1271 1803 1318 1854 est
1338 1787 1457 1855 fortius

380 1915 494 1981 corpus
515 1915 611 1982 quam
635 1893 749 1974 anima,
775 1890 861 1981 quod
884 1892 1012 1980 quidem
1040 1891 1078 1958 ab
1102 1892 1154 1960 illa
1178 1895 1321 1981 spiratur,
1346 1912 1377 1960 et
1405 1897 1457 1960 vi-

379 1999 532 2082 vificatur,
556 2017 587 2067 et
610 2016 750 2087 augetur,
769 2016 800 2066 et
823 1999 1019 2080 articulatur;
1050 2000 1105 2067 sed
1129 2002 1234 2068 anima
1257 2001 1398 2089 possidet
1423 2019 1456 2068 et

379 2106 569 2192 principatur
593 2105 728 2193 corpori.
768 2104 911 2170 Tantum
934 2122 1040 2171 autem
1064 2106 1231 2194 impeditur
1251 2130 1268 2172 a
1287 2129 1343 2172 sua
1362 2107 1452 2172 velo

380 2214 481 2293 citate‚
497 2229 650 2300 quantum
675 2235 789 2300 corpus
812 2214 972 2302 participat
990 2211 1029 2279 de
1048 2215 1115 2279 eius
1135 2215 1290 2294 motione;
1310 2214 1454 2281 sednon

379 2320 493 2385 amittit
517 2342 607 2384 suam
632 2320 805 2384 scientiam.
853 2319 978 2407 Corpus
1002 2321 1087 2386 enim
1112 2343 1233 2408 organo
1257 2321 1360 2387 simile
1385 2339 1454 2405 est;

378 2425 483 2491 anima
506 2440 611 2490 autem
635 2422 761 2514 artificis
780 2426 935 2491 rationem
955 2423 1118 2491 obtineto)
1164 2426 1452 2507 Quemadmodum

287 2563 291 2572 ·
379 2534 481 2620 itaque
505 2530 617 2598 artifex
640 2531 788 2598 velociter
811 2529 939 2620 quidem
970 2534 1187 2620 operationem
1215 2531 1391 2600 secundum
1417 2558 1452 2601 se

377 2639 546 2718 adinvenit,
571 2640 603 2705 in
627 2661 746 2725 organo
776 2656 881 2706 autern
908 2637 1026 2706 tardius
1055 2639 1141 2705 illam
1168 2638 1298 2727 perficit,
1321 2659 1451 2729 propter

379 2747 423 2812 rei
446 2747 602 2815 subiectae
629 2745 897 2828 immobilitatem,
920 2761 951 2812 et
974 2745 1057 2811 illius
1081 2747 1198 2811 mentis
1221 2747 1372 2813 velocitas
1396 2748 1452 2814 ad-

378 2854 475 2920 mixta
498 2854 632 2921 tarditati
656 2854 767 2941 organi
786 2868 991 2939 temperatam
1010 2851 1130 2939 perficit
1149 2853 1383 2940 operationem:
1405 2856 1451 2921 sic

378 2977 409 3026 et
431 2962 535 3026 anima
559 2961 745 3048 participans
761 2981 819 3024 suo
836 2959 971 3046 corpori,
989 2957 1151 3025 modicum
1168 2957 1295 3047 quidem
1315 2960 1451 3048 impedi·

376 3085 437 3149 tur,
450 3066 587 3134 admixta
603 3067 768 3132 velocitate
785 3066 851 3131 eius
867 3065 900 3130 in
916 3065 1058 3152 corporis
1072 3064 1230 3147 tarditate3
1246 3089 1311 3132 non
1330 3069 1451 3134 amittit

377 3189 481 3239 autem
506 3173 538 3238 in
556 3189 660 3238 totum
680 3194 751 3236 suas
767 3171 913 3251 virtutes:
930 3168 983 3236 sed
999 3171 1089 3258 quasi
1097 3169 1130 3224 (4)
1145 3170 1244 3236 vitam
1260 3171 1450 3259 participans

412 3411 455 3480 (t)
474 3411 493 3463 l.
504 3427 537 3463 e.:
556 3431 570 3459 u
580 3409 726 3473 Quomodo
735 3421 824 3462 autem
835 3425 883 3460 nos

380 3495 431 3548 «in
450 3511 560 3565 corpore
579 3510 715 3565 possemus
735 3510 765 3547 ea
794 3493 884 3545 divina

380 3599 394 3628 a
403 3579 558 3632 meminisse
567 3576 884 3650 quaevidimusetdidici-

380 3683 394 3714 a
404 3681 462 3717 mus
470 3664 497 3716 in
504 3663 730 3716 vitaantecedenti
737 3664 765 3715 in
774 3662 885 3715 circum·

380 3769 393 3797 u
403 3749 630 3818 lationeingenito
640 3747 714 3800 Deo?
725 3767 738 3798 u
749 3746 782 3814 (l,
790 3761 884 3812 xxv,1,

376 3849 401 3902 p.
422 3831 494 3900 261).
531 3831 582 3885 Vel
597 3831 708 3885 fortasse
720 3831 786 3884 haec
799 3831 885 3883 maior

376 3928 415 3969 est
425 3935 431 3980 ;
442 3917 532 3970 minor
541 3927 630 3970 autem
646 3915 723 3969 huius
736 3913 885 3986 syllogismi

376 4001 496 4071 sequenti
509 4001 618 4072 periodo
631 3999 776 4053 exhibetur,
814 3997 892 4051 Tam·

376 4099 456 4139 ruat.
467 4087 539 4139 enim
553 4087 571 4138 l.
587 4102 609 4138 c.
625 4085 650 4137 id
665 4084 796 4154 improbat
809 4099 842 4136 er
852 4100 884 4136 eo

377 4169 447 4238 quod
467 4169 557 4224 anima
575 4169 730 4221 divinare
755 4168 837 4230 possit
857 4168 884 4220 in

376 4271 486 4326 corpore
502 4255 643 4309 exsistens:
657 4270 672 4304 a
686 4251 788 4305 sortiori
804 4253 884 4324 igitur

938 3408 1115 3462 reminiscere.
1318 3475 1319 3478 Ἴ

973 3495 1016 3560 (2)
1036 3493 1092 3547 Le.
1111 3492 1145 3545 ad
1163 3507 1191 3545 se
1209 3493 1323 3545 reversi:
1340 3493 1451 3563 quando

938 3594 1035 3648 nempe
1050 3575 1240 3630 conscientiam
1253 3576 1292 3628 sui
1305 3577 1451 3648 leguminis

939 3662 973 3715 ad
992 3678 1085 3730 corpus
1104 3671 1311 3730 resumpserunt.

976 3747 1017 3814 (3)
1036 3744 1089 3798 Cfr.
1110 3757 1136 3798 et
1155 3762 1223 3816 supr.
1243 3759 1345 3810 xxvtn,
1360 3760 1387 3810 4,
1403 3745 1452 3800 sm.

939 3830 1014 3884 Hanc
1045 3830 1229 3900 metaphoram
1257 3847 1290 3882 er
1320 3829 1452 3883 Pastore.

940 3913 1064 3967 Phaedon.
1091 3914 1207 3984 primum
1234 3914 1322 3978 ducta,
1351 3915 1453 3968 exinde

938 3998 1109 4052 usitatissima
1133 3997 1201 4051 sacta
1225 4009 1272 4050 est.
1313 3996 1370 4050 Cfr.
1396 3998 1453 4052 Cr·

938 4097 1030 4136 aaran.
1047 4082 1089 4135 Ad
1104 4081 1215 4136 Demetr.
1233 4096 1266 4135 20
1283 4082 1327 4135 vel
1348 4083 1454 4136 Auou·

938 4181 1009 4220 srnv.
1030 4165 1070 4219 De
1087 4165 1143 4219 Ciu.
1160 4164 1218 4231 Dei,
1233 4164 1334 4230 xxlv,
1352 4181 1376 4234 3.

974 4253 1016 4319 (4)
1036 4250 1056 4303 Ῑ-
1075 4268 1098 4303 e·
1117 4261 1195 4321 prout
1214 4251 1285 4318 (ὡς).
