3288 5060
363 482 425 548 282
649 501 780 550 laeuam
805 505 965 552 novamus
988 505 1143 551 unanssras
1250 505 1427 574 [xxlx,2-4

361 699 449 786 guel:
475 699 609 786 Synesin
625 717 730 766 autem
745 701 837 767 tertio
856 701 1042 782 luminari03
1058 725 1153 790 quem
1169 717 1283 770 vocant
1303 703 1403 770 David
1420 729 1428 770 :

275 806 278 813 ’
362 807 536 874 Phronesin
559 824 664 872 autem
687 823 808 894 quarto,
831 832 925 898 quem
950 809 1114 875 nominant
1139 809 1313 876 Eleleth.(¹)

431 933 459 998 3.
485 912 690 979 Confirmatis
718 915 813 1002 igitur
845 916 888 980 sic
913 912 1072 998 omnibus,
1097 916 1288 1004 superhaec
1312 918 1430 983 emittit

358 1023 542 1109 Autogenes
573 1020 738 1086 hominem
768 1021 940 1109 perfectum
964 1038 994 1090 et
1017 1045 1140 1102 verum,
1167 1046 1263 1112 quem
1292 1040 1321 1090 et
1344 1024 1430 1091 Ada-

361 1145 501 1194 mantem
525 1144 655 1194 vocant:
686 1129 837 1214 quoniam
863 1152 963 1218 neque
992 1131 1057 1217 ipse
1083 1128 1230 1196 domatus
1253 1147 1310 1212 est,
1327 1155 1429 1219 neque

361 1235 393 1301 hi
416 1257 453 1301 ex
472 1232 583 1323 quibus
606 1235 723 1314 erat,(²>
745 1235 797 1323 qui
821 1250 851 1300 et
866 1251 1007 1301 remotus
1030 1252 1076 1302 est
1100 1259 1173 1302 cum
1188 1238 1293 1324 primo
1309 1237 1428 1304 iumine

360 1339 398 1409 ab
421 1344 573 1429 Armoge.
631 1341 788 1407 Emissam
821 1357 926 1408 autem
950 1365 1024 1408 cum
1048 1343 1177 1409 homine
1200 1343 1238 1409 ab
1261 1347 1429 1432 Autogene

360 1450 565 1538 Agnitionem
588 1447 768 1536 perfectam,
785 1463 815 1515 et
834 1450 1034 1515 coniunctam
1058 1451 1102 1516 ei:
1127 1449 1209 1518 unde
1225 1467 1255 1517 et
1274 1450 1356 1517 hunc
1374 1475 1431 1518 co-

359 1557 507 1646 gnovisse
525 1579 598 1622 eum
621 1557 676 1645 qui
698 1573 747 1622 est
769 1579 860 1644 super
879 1555 1005 1623 omnia:
1028 1558 1177 1624 virtutem
1192 1581 1318 1650 quoque
1337 1560 1364 1625 ei
1380 1561 1430 1624 in-

359 1665 475 1730 victam
495 1661 599 1730 datam
612 1685 629 1728 a
644 1663 788 1750 virginali
804 1664 927 1750 spiritu:
947 1680 976 1730 et
990 1662 1171 1752 refrigerant
1190 1666 1221 1730 in
1241 1664 1300 1731 hoc
1320 1667 1428 1732 onmia

360 1769 542 1856 hymnizare
565 1791 717 1856 magnum
732 1770 852 1834 Aeona.
898 1768 980 1835 Hinc
1001 1784 1103 1834 autem
1123 1769 1230 1835 dicunt
1249 1768 1430 1835 manifesta-

361 1893 424 1942 tam
442 1876 589 1956 Matrem,
607 1874 743 1956 Patrem,
761 1873 895 1941 Filium:
920 1897 958 1940 ex
971 1874 1137 1964 Anthropo
1157 1893 1262 1942 autem
1279 1893 1309 1942 et
1326 1878 1429 1945 Gnosi

360 1999 468 2048 natum
493 1981 626 2069 iignum,
650 1979 734 2069 quod
758 1997 788 2046 et
811 1982 915 2068 ipsum
940 1981 1065 2049 Gnosin
1087 1998 1211 2050 vocant.
1221 1982 1253 2034 (³)

428 2113 458 2174 4.
483 2088 588 2178 [WH.
614 2089 677 2156 XX
685 2087 757 2168 VII,
784 2087 828 2178 2].
875 2086 998 2154 Deinde
1029 2113 1066 2154 ex
1097 2091 1202 2176 primo
1233 2091 1344 2178 angelo
1374 2091 1430 2178 qui
1539 2135 1547 2148 ·

360 2289 412 2339 Τὸν
432 2289 461 2338 δὲ
480 2288 620 2352 Δθτογενῆ
637 2303 703 2350 φασι
720 2285 904 2352 προβαλθσθαι
923 2285 1084 2350 Ἄνθρωπον
1101 2287 1204 2338 τέλειον
1218 2291 1265 2338 καὶ
1279 2288 1382 2353 ἀληθῆ,
1399 2289 1430 2338 ὃν

359 2379 407 2428 καί
425 2375 578 2442 ’Δθάμαντα
600 2375 713 2426 καλοῦσι
800 2375 999 2444 προβεβλῆσθαι
1023 2376 1053 2426 δὲ
1077 2376 1124 2426 σὺν
1148 2377 1218 2441 αὐτῷ
1243 2379 1290 2427 καὶ
1308 2378 1430 2441 ὁμόζυγα

360 2467 458 2518 Mon
482 2461 596 2518 τελείαν.
635 2463 777 2516 Ἐντεῦθεν
795 2464 875 2516 πάλιν
899 2463 1095 2530 ἀναθιιχθηναι
1119 2466 1228 2534 μητέρα,
1252 2467 1363 2528 πατέρα,
1382 2470 1430 2516 καὶ

361 2557 429 2607 υἱόν·
449 2557 482 2606 ἐκ
500 2556 530 2605 δὲ
549 2553 594 2604 τοῦ
614 2553 772 2624 ’Δνθρὼπνν
795 2555 842 2604 καὶ
865 2558 913 2618 τῆς
937 2553 1063 2616 Γνώνιως
1092 2553 1300 2619 βιβλαστηκέναι
1328 2556 1429 2606 attov-

361 2645 459 2695 ruam
478 2645 508 2694 δὲ
527 2644 573 2692 καὶ
591 2641 668 2692 τοῦτο
686 2641 935 2712 upana-(optionem.

434 2745 456 2782 2.
477 2731 528 2784 Ἐκ
543 2733 573 2782 δὲ
589 2735 634 2782 τοῦ
649 2729 755 2794 πρώτου
770 2730 890 2796 ἀγγέλου
904 2729 1090 2796 προβληθῆναι
1102 2730 1211 2796 λθγοννι
1223 2731 1330 2796 Πνεῦμα
1343 2733 1429 2798 ἅγιον,

397 2891 437 2958 (1)
451 2889 550 2942 Rursus
563 2887 682 2941 Schmidt
695 2904 726 2940 ex
740 2903 812 2940 mss:
824 2886 865 2940 De
921 2887 987 2940 haec
1006 2899 1058 2940 est:
1077 2887 1134 2940 Lux
1149 2886 1208 2952 Dei,
1224 2886 1354 2941 Voluntas
1370 2889 1429 2954 Dei,

362 2975 462 3028 lumine
483 2991 547 3026 vero
568 2971 667 3026 Christi
689 2983 715 3025 et
734 2971 868 3042 Aphthar-
921 2971 1045 3036 Dilectio,
1055 2971 1172 3026 Fructus.
1200 2971 1261 3036 Qua
1271 2985 1359 3026 autem
1370 2975 1430 3044 lege

362 3060 399 3112 siu
411 3059 612 3130 progrediuntur
621 3057 689 3109 circa
698 3057 868 3126 Autogenem
922 3056 1007 3127 posita
1028 3057 1080 3110 sint
1100 3057 1267 3128 ignoramus:
1294 3057 1340 3110 cfr.
1362 3075 1430 3128 quae

362 3155 486 3214 quattuor
504 3140 644 3194 luminaria
663 3158 761 3210 magna
781 3151 808 3194 ut
827 3157 868 3192 sa·
922 3141 1037 3194 diximus
1054 3141 1082 3193 in
1097 3141 1177 3194 simili
1197 3154 1356 3212 argumento
1375 3141 1429 3195 Va-

362 3229 458 3281 tellites
477 3228 660 3297 Autogenous.
702 3224 801 3278 Eorum
819 3241 868 3277 no·
921 3224 1024 3288 lentini,
1043 3241 1067 3294 p.
1088 3239 1131 3295 79,
1149 3235 1205 3278 not.
1228 3239 1249 3278 t.

363 3313 435 3364 mina
455 3323 515 3364 sunt
535 3311 675 3364 Harmozel
695 3309 816 3379 [Hieron.
832 3309 868 3362 le·
956 3309 999 3376 (2)
1012 3307 1085 3360 Num
1095 3309 1160 3362 haec
1170 3308 1429 3380 ethymologiairen.

364 3397 442 3467 gebat
470 3397 497 3448 in
518 3395 587 3448 iren.
617 3393 738 3464 Armagii
761 3396 809 3465 (ep.
835 3410 869 3464 29
922 3392 1047 3446 debeatur
1066 3392 1218 3462 ambiguum
1237 3404 1291 3446 est:
1307 3393 1429 3464 equidem

364 3479 397 3532 ad
424 3478 565 3546 Haemon),
592 3479 648 3532 cod.
674 3478 775 3531 Arund.
801 3477 868 3530 infra
923 3475 1041 3530 Adamas
1055 3475 1328 3547 graecisatiovidetur
1343 3478 1430 3530 nomi-

364 3565 443 3618 habet
459 3564 593 3632 Hormou,
605 3563 722 3617 Ciarom.
739 3563 869 3632 Armoae]‚
922 3562 964 3614 nis
979 3561 1076 3628 Adam,
1091 3562 1160 3632 quod
1176 3561 1301 3615 Hebraeis
1314 3563 1430 3633 praecise

364 3647 472 3702 Oroiae'el
503 3648 652 3714 Daweithe‚
676 3649 787 3702 Eleleth.
830 3647 869 3700 Ex
922 3645 994 3699 bomo
1009 3657 1057 3699 est.
1094 3645 1147 3700 cfr.
1161 3645 1273 3698 Humor.
1286 3645 1319 3711 V,
1330 3662 1355 3716 7,
1368 3647 1393 3702 8.

365 3732 521 3786 Thelemate
546 3744 571 3785 et
596 3732 659 3785 Vita
681 3734 797 3786 Aetema
825 3749 869 3784 au·
960 3730 1001 3800 (ς)
1018 3729 1138 3800 «Angeli
1151 3728 1292 3800 allegorice
1302 3743 1431 3784 vocantur

364 3829 419 3870 tem
437 3829 562 3888 quattuor
580 3817 631 3869 alia
647 3818 675 3870 in
689 3817 871 3871 subministra·
927 3814 1027 3868 uhuius
1039 3813 1122 3868 Edem
1136 3814 1254 3868 arbores:
1269 3815 1347 3867 arbor
1359 3815 1431 3869 uitae

364 3902 466 3954 tionem
476 3901 590 3965 illorum,
601 3917 697 3972 nempe
710 3900 813 3964 Charis,
825 3899 871 3972 Sy·
927 3911 990 3953 <test
1014 3899 1108 3952 tertius
1138 3909 1323 3970 paternorum;
1352 3901 1432 3953 arbor

365 3984 870 4050 nesis,Aisthesis.Phronesis.—Priora
929 3983 1077 4038 «scientiae
1096 3985 1215 4051 (γνῶσιν)
1234 3982 1296 4036 boni
1319 3995 1345 4036 et
1366 3983 1431 4038 mali

365 4080 489 4139 quattuor
507 4069 617 4121 nomina
636 4068 731 4121 eodem
746 4068 827 4121 modo
843 4069 871 4120 in
929 4069 1044 4122 «tertius
1065 4080 1247 4122 matemorum
1275 4069 1431 4139 angelorum

366 4153 442 4206 Libro
465 4153 510 4206 ieri
529 4152 675 4221 (scantur,
700 4170 724 4222 p.
747 4150 809 4220 362)
835 4153 871 4206 le·
929 4155 998 4207 «τοῦ
1016 4156 1125 4218 Ναᾱςν.
1162 4151 1201 4205 Ita
1215 4151 1329 4206 lustinus
1342 4165 1431 4223 gnost.

364 4249 475 4308 guntur:
494 4236 653 4308 significatio
671 4251 762 4290 corum
783 4249 872 4290 autem
927 4238 996 4308 apud
1014 4237 1127 4291 Hieros.
1146 4235 1179 4301 V,
1200 4236 1240 4290 26.
