3288 5060
377 385 439 468 196
665 400 793 446 uanam
818 399 979 446 anteusus
1002 399 1157 446 naereses
1217 399 1441 469 [XIV,8-XV,1

441 597 472 662 8.
520 593 624 685 [IVH.
645 591 738 672 VIII,
750 591 830 682 9].(¹)
876 592 1103 660 Osteusionem
1118 610 1223 660 autem
1239 593 1329 662 affert
1340 595 1378 662 ab
1395 597 1446 663 his

372 703 426 793 qui
450 724 533 768 nunc
557 717 728 766 nascuntur
751 697 933 780 infantibus,
956 721 1093 786 quorum
1112 701 1218 766 anima
1237 702 1331 767 simul
1352 721 1387 770 ut
1405 703 1445 770 de

373 809 467 876 vulva
491 829 656 896 progressa
679 822 737 884 est,
757 805 909 872 exclamat
928 806 1173 896 uniuscuiusque
1193 807 1339 874 elementi
1359 809 1444 876 hunc

371 914 542 982 sonum.(²l
588 913 674 981 Sicut
706 933 783 998 ergo
810 927 930 999 septem
963 913 1105 994 virtutes,
1133 913 1243 1000 inquit,
1267 913 1443 1002 glorificant

371 1023 525 1102 Verbum,
556 1021 601 1086 sic
624 1036 653 1085 et
683 1019 789 1086 anima
812 1020 844 1084 in
877 1016 1047 1086 infantibus
1083 1019 1208 1108 plorans
1231 1037 1261 1086 et
1292 1021 1443 1108 plangens

370 1129 527 1206 Marcum,
539 1127 573 1181 (¹)
594 1124 749 1214 glorificat
764 1149 848 1191 eum.
896 1125 1028 1212 Propter
1043 1125 1104 1191 hoc
1123 1141 1226 1192 autem
1248 1145 1279 1194 et
1295 1127 1397 1193 David
1409 1128 1443 1180 (⁴)

370 1235 503 1301 dixisse:
529 1233 602 1298 «Ex
618 1255 673 1298 ore
688 1230 855 1298 infantium
868 1247 899 1297 et
910 1231 1091 1298 lactentium
1104 1231 1258 1320 perfecisti
1273 1232 1395 1300 laudem
1412 1259 1440 1298 u.

370 1341 409 1408 Et
427 1343 556 1408 iterum:
579 1339 694 1406 «Caeli
711 1355 855 1404 enarrant
870 1337 1006 1426 gloriam
1028 1339 1087 1405 Dei
1102 1365 1132 1404 u.
1180 1339 1218 1404 Et
1234 1357 1360 1428 propter
1379 1340 1440 1407 hoc

369 1447 493 1537 quando
517 1449 549 1513 in
573 1443 734 1512 doloribus
754 1463 785 1510 et
807 1442 1034 1511 calamitatibus
1057 1447 1161 1512 anima
1186 1444 1289 1528 fuerit,
1305 1449 1338 1513 in
1363 1448 1441 1514 rele-

369 1556 528 1621 vationem
541 1553 574 1606 (ς)
597 1575 699 1631 suam,
714 1551 789 1618 dicit
806 1551 846 1632 Ω,
863 1552 1038 1638 insignum
1058 1551 1254 1634 laudationis,
1271 1569 1305 1618 ut
1321 1576 1440 1642 cogno-

369 1682 459 1726 scens
474 1657 620 1746 illaquae
640 1678 767 1722 sursum
786 1672 835 1721 est
850 1657 965 1736 anima,
984 1654 1068 1744 quod
1084 1672 1131 1722 est
1146 1675 1316 1744 cognatum
1333 1681 1439 1736 suum,

368 1765 558 1834 adiutorium
582 1765 609 1831 ei
629 1763 778 1830 deorsum
798 1762 950 1829 mittant>

436 1909 467 1974 8.
483 1908 547 1992 Τὴν
563 1909 597 1972 δὲ
613 1903 763 2006 ἀπόδειξιν
777 1904 859 1990 φέρει
875 1907 936 1970 ἀπὸ
950 1914 1009 1970 τῶν
1024 1907 1090 1988 ἄρτι
1105 1905 1298 1992 γεννωμένων
1312 1907 1437 1993 βρεφῶν,

368 2018 409 2080 ὢν
427 2017 447 2100 η
463 2015 548 2100 ψυχὴ
563 2016 628 2099 ἅμα
642 2021 684 2095 τῷ
706 2011 744 2076 ἐκ
768 2011 880 2097 μήτρας
903 2011 1064 2095 προελθεῖν
1088 2012 1196 2099 ὲπιβοᾷ
1218 2013 1284 2090 ἑνὸς
1308 2013 1440 2079 ἑκάστου

368 2131 427 2187 τῶν
448 2121 603 2206 στοιχείων
626 2119 737 2183 τούτων
760 2121 812 2182 τὸν
833 2119 921 2202 ἠχον.
973 2118 1091 2196 Καθὼς
1114 2121 1167 2183 οὖν
1188 2119 1220 2183 αί
1243 2119 1330 2202 ἑπτὰ,
1353 2123 1437 2206 φησί,

367 2227 505 2313 δυνάμεις
523 2225 677 2305 δοξάζουσι
695 2227 746 2289 τὸν
770 2221 881 2308 Λόγον,
900 2226 993 2300 οὕτως
1011 2227 1065 2288 καὶ
1086 2225 1106 2310 ἡ
1129 2225 1213 2310 ψυχὴ
1237 2225 1270 2290 έν
1292 2236 1351 2303 τοῖς
1375 2225 1439 2314 βρέ-

367 2356 437 2420 φεσι
447 2333 595 2398 κλαίουσα
607 2336 659 2396 καί
672 2333 828 2417 θρηνοῦσα
843 2330 978 2414 Μάρτιον,
995 2331 1113 2410 δοξάζει
1127 2330 1229 2397 αὐτόν.
1277 2333 1335 2398 Διὰ
1349 2343 1437 2398 τοῦτο

367 2443 401 2508 δὲ
423 2443 476 2506 καί
498 2443 548 2505 τὸν
572 2438 665 2526 Δαβίδ
687 2437 853 2524 εἰρηκέναι·
873 2464 888 2500 α
905 2437 965 2502 Ἐκ
979 2435 1129 2523 πόματος
1143 2441 1255 2524 νηπίων
1269 2441 1322 2504 καί
1337 2438 1435 2524 θηλα-

370 2574 385 2610 ιι
400 2545 512 2628 ζόντων
533 2546 703 2630 κατηρτίσω
725 2545 807 2609 αίνον
818 2567 852 2606 »·
869 2546 922 2608 καί
937 2544 1026 2608 πάλιν
1043 2569 1059 2606 a
1075 2543 1113 2609 Οί
1128 2547 1247 2630 οὐρανοί
1266 2545 1435 2629 διηγοῦνται

373 2653 489 2733 «δόξαν
511 2652 591 2719 Θεοῦ
602 2679 634 2717 a.
681 2651 743 2717 Καί
761 2652 810 2716 διὰ
828 2659 916 2715 τοῦτο
934 2651 967 2715 ἐν
985 2671 1018 2715 τε
1037 2647 1138 2728 πόνοις
1157 2654 1209 2715 καί
1226 2651 1436 2737 ταλαιπωρίαις

366 2765 450 2848 ψυχὴ
468 2760 625 2848 γενομένη,
644 2761 685 2836 είς
703 2761 856 2844 διυλιομδν
879 2760 981 2844 αὐτῆς,
1000 2758 1144 2843 ἐπιφωνεῖ
1157 2761 1191 2823 τὸ
1209 2780 1234 2824 ω
1252 2760 1295 2835 εἰς
1312 2767 1436 2844 σημεῖον

367 2869 517 2950 αἰνέσεως,
532 2871 580 2933 ἵνα
594 2867 766 2953 γνωρίσασα
781 2867 801 2950 ἡ
817 2868 880 2930 ἄνω
893 2865 977 2950 ψυχὴ
991 2869 1026 2930 τὸ
1039 2867 1185 2955 συγγενὲς
1200 2867 1302 2950 αὐτῆς,
1321 2865 1435 2952 βοηθὸν

367 2980 444 3063 αὐτῇ
462 2974 657 3060 καταπέμψῃ.

404 3119 446 3187 (ι)
460 3117 523 3170 Mss.
542 3115 585 3169 hic
604 3115 764 3169 interserunt
782 3113 873 3167 inscti-
927 3111 1435 3184 colatio,expurgatio(clr.ap.lllm·rn.

368 3202 502 3273 ptionem:
536 3221 550 3250 ιι
565 3199 715 3262 Quonono
743 3210 873 3251 solvunt
928 3196 1026 3262 XXIII,
1049 3212 1096 3262 24:
1119 3197 1288 3250 «excolantes
1315 3197 1435 3262 culicem,

371 3300 552 3340 «anmoins
566 3285 646 3354 cplm.
660 3283 720 3335 XI»
737 3298 804 3352 quae
816 3299 873 3334 ma·
931 3282 1086 3335 «camelum
1118 3292 1207 3334 autem
1237 3281 1435 3353 glutientesu);

367 3369 463 3424 nifesto
482 3369 642 3422 restituenda
662 3380 701 3422 est
721 3384 777 3438 cap.
797 3365 871 3418 XVI.
928 3365 1014 3418 innuit
1034 3365 1114 3436 igitur
1133 3376 1259 3419 conatum
1287 3364 1434 3434 expellendi

402 3456 445 3523 (2)
464 3454 565 3507 Notum
591 3466 629 3506 est
655 3451 767 3505 infantes
792 3450 874 3504 modo
927 3465 958 3503 ea
977 3466 1043 3520 quae
1062 3450 1153 3504 dolote
1175 3448 1300 3502 afficiunt.
1343 3448 1373 3501 Id
1396 3460 1433 3501 te·

367 3538 545 3609 geniti(nqui
563 3555 634 3590 nunc
653 3535 873 3603 nascuntur»)iu
927 3546 1011 3588 statut
1035 3532 1164 3587 Cernens
1189 3534 1240 3586 At.
1268 3532 1355 3602 (Pard.
1376 3533 1433 3600 l)a

367 3623 474 3694 planctu
496 3635 523 3676 et
544 3622 645 3693 gemitu
667 3632 772 3674 tantum
794 3637 873 3673 sonos
927 3617 1062 3672 Gnosticis
1080 3617 1137 3672 fieti
1158 3617 1327 3670 recordatione
1351 3617 1433 3670 melio·

366 3709 462 3761 nocales
481 3708 566 3760 edere.
604 3705 659 3759 Cir.
681 3723 784 3776 graeca.
927 3720 984 3756 rum
1012 3715 1038 3756 et
1063 3702 1232 3756 invocatione
1260 3701 1434 3772 superiorum,

402 3795 444 3862 (3)
454 3791 526 3856 Erat,
537 3803 607 3862 puta,
626 3811 640 3840 ιι
647 3790 798 3862 quempiam
805 3810 818 3839 u
829 3809 836 3854 ;
847 3802 873 3843 at
928 3789 969 3842 cui
980 3805 1127 3842 consonare
1137 3788 1241 3841 videtur
1251 3787 1284 3839 lr.
1293 3817 1306 3826 -
1315 3786 1433 3839 Hnat'nv

366 3879 399 3931 lr.
411 3878 516 3949 aliquod
530 3878 635 3948 planctu
650 3876 760 3946 dignum
774 3891 873 3928 nomen
928 3873 971 3944 qui
982 3872 1098 3944 suggerit
1109 3873 1144 3925 δι’
1154 3873 1273 3938 ἀλὺσμοιι
1286 3895 1303 3917 =
1311 3879 1375 3941 praa
1388 3888 1433 3921 urr-

367 3961 510 4034 requirens,
524 3961 644 4013 Murcum
656 3960 777 4012 intrudit.
927 3975 987 4027 gare
1005 3974 1059 4010 non
1078 3956 1191 4027 explicat
1211 3955 1361 4026 sequentia:
1381 3975 1394 4004 r<
1405 3957 1432 4006 In

401 4047 444 4115 (4)
463 4045 505 4098 Ps.
527 4043 596 4096 VIII.
618 4059 648 4108 2;
670 4054 696 4096 et
714 4041 787 4096 XIX.
810 4059 832 4096 1.
931 4041 1061 4112 «signum
1079 4040 1274 4094 laudationis».

401 4131 444 4199 (5)
463 4131 600 4195 Διυλιομός
627 4127 732 4198 proprie
755 4138 794 4180 est
815 4143 872 4197 per·
964 4125 1004 4193 (6)
1024 4123 1080 4179 Csr.
1100 4124 1173 4190 XIII,
1191 4123 1216 4190 6,
1237 4142 1263 4195 p.
1287 4138 1336 4194 179
1346 4140 1384 4194 sq.
