3274 5100
202 495 261 562 (lv,
284 495 367 564 3-4l·]
598 496 688 542 tinen
711 495 876 542 secunous
1208 495 1267 561 325

200 715 293 758 causa
316 691 408 757 huius
433 689 634 777 operationis,
658 687 748 755 valde
772 686 850 754 bene
870 705 982 775 putans
1002 689 1208 774 semetipsum
1228 687 1274 754 fa-

202 798 331 878 bricare,
348 796 400 863 sed
424 797 478 884 qui
502 797 534 861 in
558 796 623 861 suis
647 794 789 862 concedit
809 812 839 860 et
858 793 968 882 probat
985 793 1062 861 labis
1083 795 1274 882 prolationes

202 921 232 970 et
255 904 370 969 erroris
394 924 487 990 opera
510 899 590 982 fieri,
607 917 636 966 et
655 902 687 966 in
706 902 840 968 aeternis
862 900 1057 988 temporalia,
1077 918 1107 967 et
1123 902 1155 967 in
1171 903 1275 968 incor-

202 1010 400 1099 ruptibilibus
429 1007 652 1097 corruptibilia,
676 1026 707 1074 et
734 1009 767 1076 in
794 1008 843 1075 his
866 1031 946 1096 quae
969 1009 1109 1074 veritatis
1132 1025 1216 1090 sunt,
1240 1032 1274 1074 ea

203 1141 281 1207 quae
304 1134 377 1183 sunt
400 1117 524 1183 erroris.
571 1117 604 1184 Si
623 1132 728 1181 autem
746 1139 812 1182 non
831 1113 1032 1196 concedente,
1047 1138 1147 1204 neque
1163 1137 1275 1204 appro-

204 1223 295 1290 bante
311 1224 402 1290 Patre
425 1223 657 1302 universorum,
672 1221 751 1288 lacta
775 1239 847 1287 sunt
864 1221 959 1302 haec;
979 1224 1147 1311 potentior,
1164 1241 1194 1289 et
1211 1222 1274 1289 for-

204 1333 277 1411 tior,
300 1348 330 1396 et
356 1328 549 1397 dominatior
572 1331 610 1410 is,
633 1331 687 1418 qui
706 1328 778 1396 fecit
802 1331 835 1395 in
857 1329 917 1411 his,
941 1351 1020 1417 quae
1043 1332 1167 1418 propria
1191 1330 1273 1398 illius

205 1457 287 1515 sunt,
311 1459 527 1524 quaecumque
550 1435 601 1502 ille
621 1457 685 1501 non
701 1436 865 1502 concessit.
912 1436 944 1502 Si
961 1453 1066 1502 autem
1083 1459 1147 1503 non
1162 1460 1275 1525 appro-

206 1543 281 1611 bans
309 1545 465 1610 concessit
493 1545 584 1609 Pater
607 1545 760 1631 ipsorum,
784 1543 1055 1633 quemadmodum
1077 1542 1205 1631 quidam
1227 1543 1275 1610 di·

206 1668 290 1732 cunt,
314 1667 366 1717 aut
398 1667 508 1739 potens
538 1649 702 1738 prohibere
729 1652 885 1717 concessit
908 1667 1034 1738 propter
1056 1651 1274 1718 necessitatem

205 1755 385 1845 quamdam,
402 1773 453 1822 aut
470 1779 535 1822 non
551 1771 672 1843 potens.
719 1756 779 1824 Sed
804 1757 829 1822 si
845 1755 974 1843 quidem
993 1779 1059 1822 non
1078 1771 1207 1843 poterat,
1226 1757 1275 1821 in-

206 1863 325 1931 validus
341 1880 371 1930 et
393 1861 537 1929 infirmus
561 1879 624 1929 est:
649 1864 673 1928 si
694 1879 799 1929 autern
818 1879 939 1950 potens,
956 1861 1112 1941 seductor,
1129 1879 1158 1928 et
1174 1861 1276 1950 hypo-

207 1971 292 2049 crita,
316 1986 346 2035 et
369 1969 562 2034 necessitatis
585 1991 712 2034 servus:
738 1992 802 2035 non
826 1969 1025 2035 consentiens
1044 1968 1184 2056 quidem,
1200 1992 1276 2035 con-

208 2074 320 2142 cedens
336 2092 440 2142 autem
457 2077 547 2163 quasi
562 2077 746 2142 consentiat.
775 2077 814 2142 Et
830 2077 919 2141 initio
935 2074 1110 2142 concedens
1127 2076 1235 2142 sistere
1244 2075 1277 2129 (¹)

207 2205 348 2248 errorem
371 2199 402 2248 et
425 2205 564 2248 crescere
588 2183 688 2264 illum,
704 2183 737 2248 in
756 2180 980 2271 posterioribus
1000 2181 1195 2271 temporibus
1214 2183 1279 2249 sol-

208 2311 281 2355 vere
298 2288 387 2355 illum
403 2305 544 2370 conatur,
553 2289 678 2377 quando
694 2291 757 2356 iam
773 2290 864 2357 multi
882 2291 964 2357 male
979 2293 1136 2378 perierunt
1151 2307 1278 2378 propter

208 2395 321 2461 labem.

276 2525 306 2587 4.
331 2503 406 2570 Non
433 2501 522 2568 decet
551 2519 656 2568 autem
686 2525 760 2568 eum
787 2504 841 2592 qui
869 2503 1092 2590 superomnia
1116 2505 1155 2569 sit
1179 2503 1277 2584 DeuS,

208 2632 306 2698 quum
332 2611 372 2674 sit
395 2608 520 2674 liberet
539 2631 612 2675 suae
632 2610 803 2696 potestatis,
819 2611 995 2676 necessitati
1011 2611 1145 2675 servisse
1164 2609 1277 2691 dicere,

210 2734 242 2782 ut
266 2718 305 2781 sit
329 2713 454 2804 aliquid,
478 2715 651 2782 secundum
675 2717 925 2796 concessionem,
949 2733 1069 2804 praeter
1092 2718 1278 2783 sententiam

209 2825 291 2890 eius:
321 2822 460 2911 alioquin
489 2823 706 2889 necessitatem
736 2823 889 2890 maiorem
913 2840 943 2888 et
966 2822 1211 2890 dominatiorem
1236 2822 1251 2889 f
1265 2863 1280 2874 -

210 2933 292 2997 cient
307 2953 401 3018 quam
418 2931 535 3009 Deum,
548 2929 674 3018 quando
691 2927 721 2996 id
737 2929 821 3018 quod
837 2931 938 3017 magis
953 2945 1066 3019 potest,
1078 2931 1236 3017 antiquius
1246 2931 1280 2984 (²)

211 3040 251 3105 sit
274 3035 432 3103 omnibus.
483 3037 522 3102 Et
546 3038 650 3102 statim
679 3037 710 3101 in
737 3038 889 3125 principio
913 3060 1021 3102 causas
1045 3035 1203 3103 abscidere
1226 3062 1281 3104 ne-

211 3145 363 3211 cessitatis
385 3144 502 3223 debuit,
522 3159 552 3209 et
575 3166 641 3209 non
664 3141 850 3210 concludere
874 3145 1079 3230 semetipsum
1104 3143 1139 3210 ad
1164 3143 1281 3211 haben-

210 3251 284 3318 dam
314 3251 543 3332 necessitatem,
568 3249 768 3317 concedendo
796 3250 911 3339 aliquid
936 3267 1151 3338 praeterquam
1174 3250 1281 3317 deceat

212 3382 295 3424 eum.
343 3359 447 3424 Multo
471 3359 557 3423 enim
582 3357 703 3438 melius,
723 3375 753 3425 et
777 3359 1028 3446 consequentius
1048 3375 1078 3424 et
1098 3360 1198 3446 magis
1216 3357 1282 3426 dei-

212 3462 309 3530 ficum
332 3481 407 3546 erat,
427 3481 460 3530 ut
479 3466 512 3530 in
535 3465 688 3552 principio
707 3465 832 3530 initium
853 3463 1007 3530 excideret
1026 3463 1208 3531 huiusmodi
1227 3488 1281 3530 ne-

212 3571 477 3658 cessitatis,quam
492 3588 609 3658 postea,
617 3572 705 3658 quasi
719 3570 758 3636 de
775 3572 1147 3658 poenitentia,conaretur
1162 3589 1282 3638 tantam

212 3673 483 3743 fructificationem
508 3677 701 3742 necessitatis
724 3675 889 3742 eradicare.
929 3677 967 3742 Et
984 3678 1010 3742 si
1025 3679 1201 3744 necessitati
1218 3701 1283 3744 ser-

212 3785 301 3848 viens
324 3783 382 3848 erit
406 3782 498 3847 Pater
521 3784 755 3862 universorum,
771 3799 809 3869 et
833 3780 890 3848 sub
915 3782 1013 3849 fatum
1038 3783 1126 3850 cadet
1151 3784 1282 3850 moleste

212 3888 316 3955 ferens
335 3890 368 3954 in
386 3887 434 3954 his
453 3912 532 3977 quae
547 3887 635 3970 liunt,
649 3905 774 3976 praeter⁴
785 3891 1001 3956 necessitatem
1018 3907 1122 3956 autem
1139 3907 1169 3957 et
1185 3889 1283 3957 latum

251 4145 294 4210 (1)
318 4143 421 4197 Graece
444 4141 626 4210 συνίστασθαι,
648 4144 675 4196 h.
698 4160 721 4197 e.
811 4147 854 4211 (2)
878 4144 898 4196 l.
927 4161 949 4198 e.
978 4143 1162 4214 praestantius,
1190 4143 1285 4196 melius

216 4229 368 4294 consistere.
779 4227 945 4299 [Massuerl

288 4440 343 4481 Bibl.
358 4439 425 4481 Sana.
441 4439 497 4481 Patr.
513 4440 567 4492 (Ser.
584 4441 614 4494 ll)
630 4440 668 4482 lll.
