3288 5060
208 477 319 548 (x‚1).]
632 480 721 526 treet
747 480 861 526 eternus
1213 477 1275 544 217

207 689 312 740 autem
343 674 465 742 ostendi
499 696 554 762 per
585 697 671 756 eum,
706 675 758 763 qui
790 675 936 741 zodiacus
971 690 1101 740 vocatur
1131 675 1275 741 circulus.

207 779 385 848 Duodecim
409 781 494 848 enim
513 782 601 869 signa
627 779 882 848 manifestissime
898 781 1047 848 Hominis
1067 797 1097 847 et
1120 781 1276 848 Ecclesiae

207 886 306 952 filiam
328 886 554 960 duodecadern,
576 887 663 977 quasi
687 910 741 976 per
771 886 939 975 quamdam
963 885 1110 953 umbram
1139 888 1274 976 pinxisse

206 992 325 1060 dicunt.
373 993 410 1059 Et
425 1017 443 1060 e
458 993 615 1060 contrario
628 994 873 1081 superiunctum‚
886 994 1041 1082 inquiunt,
1054 995 1275 1060 universorum

206 1101 306 1181 oneri,
318 1123 417 1188 quum
430 1100 469 1165 sit
481 1099 730 1181 velocissimum,
742 1100 826 1189 quod
839 1101 1071 1188 superpositum
1084 1118 1131 1167 est
1143 1100 1275 1182 caelum,

204 1207 258 1293 qui
272 1202 423 1293 adipsum
439 1207 697 1273 concavationem
709 1223 866 1295 aggravat,
882 1222 913 1272 et
928 1228 964 1272 ex
977 1209 1192 1273 contrarietate
1205 1229 1275 1273 mo-

205 1312 331 1382 deratur
350 1314 477 1380 illorum
496 1313 693 1380 velocitatem
711 1337 765 1380 sua
781 1312 970 1395 tarditate‚<¹)
987 1315 1027 1380 ita
1045 1329 1078 1379 ut
1092 1315 1123 1380 in
1139 1335 1205 1380 xxx
1221 1337 1275 1380 an-

206 1421 255 1486 nis
274 1421 441 1487 circuitum
465 1443 481 1486 a
501 1421 592 1508 signo
611 1421 642 1486 in
662 1421 788 1508 signum
813 1418 914 1500 faciat,
926 1420 960 1474 (²)
977 1420 1149 1508 imaginem
1168 1418 1275 1487 dicunt

205 1550 280 1593 eum
296 1527 373 1592 Hori
396 1527 473 1608 eius,
496 1527 549 1615 qui
572 1527 766 1613 trigesimam
783 1527 922 1593 nominis
934 1526 967 1580 (³)
989 1525 1115 1592 illorum
1141 1542 1275 1592 matrem

206 1635 421 1700 circumtenet.
469 1633 592 1699 Lunam
616 1655 741 1722 quoque
759 1654 867 1699 rursus
886 1655 979 1699 suum
1000 1632 1120 1699 caelum
1140 1634 1276 1699 circum-

206 1757 336 1806 euntem
359 1761 425 1806 xxx
448 1738 568 1822 diebus,
596 1763 651 1827 per
681 1739 747 1806 dies
778 1761 947 1806 numerum
974 1760 1041 1806 xxx
1060 1741 1207 1806 Aeonum
1234 1741 1276 1806 si-

206 1847 365 1936 gnificare.
411 1847 450 1914 Et
464 1846 565 1914 solem
584 1863 689 1913 autem
709 1848 740 1912 in
764 1844 930 1914 duodecim
956 1844 1117 1912 mensibus
1140 1847 1276 1912 circum-

207 2061 322 2126 δεκάδα
344 2060 513 2146 patiendae
529 2062 578 2125 δικ
592 2070 645 2126 τού
668 2061 818 2140 ζωδιακοῦ
841 2060 1031 2146 καλουμένου
1054 2061 1180 2127 κύκλου.
1227 2060 1275 2124 Τὰ

208 2172 266 2254 γὰρ
289 2169 408 2234 δώδεκα
435 2169 531 2250 ζύδια
561 2167 908 2254 pomponiensem
932 2167 1118 2255 Ἀνθρώπου
1144 2171 1196 2233 καὶ
1222 2180 1275 2254 τῆς

208 2273 396 2360 Ἐκκληούας
407 2275 562 2362 θυγατέρα
573 2274 731 2340 intextae
742 2285 938 2360 οκιαγραρεῖν
954 2275 1087 2360 λέγουσι.
1135 2275 1197 2340 Καὶ
1208 2277 1276 2340 ἐπεὶ

208 2381 447 2468 ἀντεπεζεύχύη,
464 2385 547 2466 φασὶ,
566 2393 603 2467 τῇ
623 2393 680 2446 τῶν
699 2381 777 2446 ὅλων
792 2391 880 2467 φορᾷ,
897 2381 1036 2466 discutit-p
1052 2382 1241 2468 ὑπαρχούσῃ,
1258 2383 1274 2446 ὁ

207 2489 340 2573 ὕπερθεν
363 2491 496 2574 οὐρανὸς,
516 2490 533 2554 ὁ
551 2491 625 2574 πρὸς
648 2490 728 2571 αὐτῇ
750 2497 792 2572 τῷ
814 2488 897 2553 κύτει
921 2488 1062 2574 βαρύνων,
1086 2491 1139 2552 καὶ
1161 2490 1274 2552 ἄντιτα·

206 2594 357 2660 λαντεύευν
372 2597 425 2680 τὴν
440 2595 562 2660 ἐκείνων
577 2594 717 2679 ὠκύτητα
732 2604 770 2679 τῇ
784 2594 893 2659 ἑαυτοῦ
910 2594 1076 2680 βραδυτῆτι,
1094 2595 1173 2659 ὥστε
1185 2598 1274 2660 αὐτὸν

206 2701 240 2766 ἐν
254 2701 414 2785 τριάκοντα
429 2703 509 2767 ἔτεσι
523 2705 577 2786 τὴν
592 2701 727 2785 περίοδον
743 2703 804 2766 ἀπὸ
822 2702 947 2785 σημείου
971 2703 1020 2765 ἐπὶ
1042 2712 1167 2786 σημεῖον
1184 2713 1273 2767 ποιεῖ-

207 2809 294 2892 σθαι,
309 2809 413 2874 εἰκόνα
426 2807 567 2894 λέγουσιν
581 2811 671 2872 αὐτὸν
688 2817 741 2873 τοῦ
759 2807 856 2893 Ὀρου
873 2816 927 2874 τού
949 2815 1004 2894 τὴν
1021 2808 1274 2893 τριακοντύνυμον

208 2913 324 2998 μητέρα
342 2917 439 2978 αὐτῶν
457 2912 658 2998 περιέχοντος.
705 2911 769 2997 Τὴν
792 2913 921 2998 σελήνην
939 2935 972 2977 τε
990 2913 1079 2976 πάλιν
1097 2915 1148 2978 τὸν
1166 2913 1275 2997 ἑαυτῆς

208 3024 332 3106 ούρανον
348 3020 619 3107 ἐκπεριερχομένην
635 3021 667 3085 ἐν
685 3019 843 3105 τριάκοντα
858 3018 991 3105 ἡμέραις,
1011 3019 1060 3082 διὰ
1077 3029 1136 3084 τῶν
1154 3020 1274 3104 ἡμερῶν

208 3133 259 3192 τὶν
272 3129 400 3213 ἀριθμου
410 3138 469 3193 τῶν
479 3127 640 3212 τριάκοντα
655 3126 778 3192 Αἰύνων
794 3128 951 3191 ἐκπυποῦν.
999 3126 1061 3190 Καὶ
1075 3130 1126 3191 τὸν
1142 3126 1225 3210 ἥλιον
1241 3125 1274 3189 δὲ

246 3369 289 3432 (r)
304 3364 342 3417 Ex
355 3365 429 3418 Hn’e.
444 3367 566 3419 restitue:
585 3365 640 3418 «Et
651 3383 715 3436 quo-
769 3381 806 3435 sq.
826 3379 878 3434 419
897 3367 957 3434 sq.).

213 3471 226 3496 «ι
237 3450 505 3521 niam...oppositum
518 3462 557 3505 est
565 3451 715 3504 couversio-
805 3451 846 3514 (2)
866 3448 935 3501 Hinc
950 3445 1060 3501 sortasse
1072 3448 1176 3502 ostendi
1189 3461 1274 3518 potest

214 3534 522 3605 «nibusidvapoppnon
536 3540 629 3606 φορὰν)
644 3536 715 3588 velo·
770 3530 877 3585 Veteres
908 3533 1118 3602 praecessionem
1149 3533 1274 3604 aequino-

214 3617 358 3670 acissimae
388 3617 576 3684 universitatis,
606 3618 716 3672 caeteris
769 3615 1090 3686 ctiorum360annis[3o
1102 3627 1132 3681 ><
1147 3617 1275 3688 misigna

213 3701 342 3755 «orbibus
361 3701 498 3756 sublimius
517 3704 628 3766 caelum,
646 3703 715 3772 quod
770 3701 894 3771 zodiaci)]
924 3699 1065 3772 perfectam
1095 3701 1158 3766 sore,
1185 3700 1275 3754 existi·

214 3787 340 3855 «propria
363 3787 435 3840 mole
459 3803 596 3857 gravans»
618 3798 667 3839 etc.
681 3817 714 3825 -
770 3801 863 3838 masse.
901 3786 936 3838 At
947 3787 1049 3839 nullum
1059 3785 1129 3839 aliud
1139 3786 1189 3838 hac
1198 3801 1277 3855 super

211 3867 362 3922 Praecessio
383 3887 498 3940 namque
517 3870 715 3941 aequinoctialis
771 3887 798 3922 re
808 3869 997 3923 documentum
1007 3870 1131 3923 novimus
1141 3885 1225 3939 neque
1235 3869 1275 3921 in·

212 3953 283 4006 iuxta
303 3952 464 4024 Hipparcum
477 3953 593 4024 aliosque
606 3953 716 4008 Veteres
770 3953 924 4025 terpretatio
943 3954 998 4024 ipsa
1017 3954 1045 4006 in
1064 3953 1153 4024 aprico
1171 3965 1218 4006 est.

210 4038 459 4109 retrogressionibus
478 4037 565 4091 octavi
586 4038 651 4092 caeli
670 4055 715 4091 seu
807 4039 849 4108 (ς)
864 4037 884 4091 I.
900 4054 937 4091 e.:
955 4037 1054 4108 Sophia
1069 4053 1098 4090 x1
1113 4038 1189 4091 Aeon
1208 4053 1275 4107 quae

211 4121 324 4176 fixarum
343 4124 479 4176 stellarum
495 4121 632 4177 tribuenda
648 4135 714 4176 erat.
770 4123 857 4176 littera
876 4124 931 4176 A:
943 4137 975 4190 30
994 4121 1192 4193 significabatur
1217 4119 1274 4190 (cfr.

211 4205 278 4276 (Cir.
289 4206 621 4274 Mourendstronomial,
632 4225 656 4277 p.
667 4221 713 4274 351
771 4205 844 4268 XVI,
864 4207 900 4275 2).
