3230 5062
339 445 399 510 182
625 463 753 509 menam
776 464 935 511 inversus
959 465 1114 510 naereses
1285 463 1398 533 [attur

335 679 514 726 neuramo.
566 659 626 724 Hic
656 659 751 746 igitur
778 658 916 740 Marcus,
947 660 1075 725 vulvam
1108 676 1141 726 et
1172 661 1401 749 susceptorium

336 763 543 833 Colarbasii¹l
559 764 680 831 Silentii
700 782 801 831 semet
820 765 924 831 solum
945 763 1040 831 fuisse
1059 764 1166 833 dicens
1186 765 1313 856 (quippe
1334 767 1403 832 uni-

335 873 457 960 genitus
481 870 661 961 exsistens),
685 893 805 952 semen,
827 869 912 958 quod
935 871 1114 960 depositum
1133 889 1180 939 est
1199 874 1231 938 in
1254 896 1338 955 eum,
1358 874 1403 938 sic

335 979 443 1044 enixus
467 992 523 1043 est.
570 977 660 1044 Illam
687 994 835 1065 quaeest
859 1001 876 1044 a
900 980 1045 1060 summis,
1069 995 1099 1044 et
1122 976 1160 1044 ab
1184 977 1403 1059 invisibilibus,

334 1101 365 1152 et
388 1082 666 1150 innominabilibus
690 1084 767 1150 locis
790 1086 1060 1173 quatemationem
1084 1085 1281 1152 descendisse
1304 1085 1402 1174 figura

336 1188 479 1257 muliebri
502 1188 540 1256 ad
571 1213 645 1257 eum
656 1189 689 1244 (²)
712 1189 890 1280 (quoniam,
914 1192 1023 1279 inquit,
1052 1193 1119 1258 eius
1149 1191 1405 1258 masculinumnt

336 1296 473 1364 mundus
489 1320 554 1364 non
571 1296 650 1364 serre
666 1297 813 1388 poterat),
829 1315 859 1364 et
875 1298 1050 1366 ostendisse
1064 1321 1189 1387 quoque
1202 1299 1403 1387 semetipsam

334 1427 413 1494 quae
431 1420 523 1485 esset,
539 1421 569 1471 et
588 1405 809 1471 universorum
828 1407 981 1493 genesim,
998 1428 1093 1493 quam
1112 1407 1233 1472 nemini
1252 1428 1403 1495 umquam

336 1533 435 1599 neque
458 1510 590 1578 deorum
616 1533 716 1599 neque
743 1510 912 1578 hominum
944 1511 1104 1594 revelavit,
1127 1512 1199 1578 huic
1224 1515 1292 1579 solo
1316 1534 1406 1579 enar-

337 1639 431 1696 rasse,
462 1619 504 1683 ita
531 1615 708 1684 dicentem:
739 1616 879 1700 Quando
911 1620 1050 1707 primum
1082 1620 1184 1699 Pater,
1208 1620 1296 1686 cuius
1319 1636 1404 1707 pater

336 1745 432 1788 nemo
455 1738 512 1804 est,
539 1725 592 1811 qui
625 1741 670 1790 est
702 1723 949 1812 inexcogitabilis
971 1741 1003 1791 et
1027 1725 1326 1805 insubstantivus,(⁴l
1351 1726 1405 1813 qui

403 1935 491 2002 XIV.
512 1957 537 2002 1.
585 1937 681 2015 Οὗτος
702 1939 755 2001 οὖν
777 1937 944 2022 ὁΜάρκος
966 1938 1080 2023 μήτραν
1101 1941 1154 2003 καὶ
1173 1939 1330 2023 ἐκδοχεῖον
1351 1949 1405 2024 τῆς

336 2043 538 2130 Κολαρβίιοοο
557 2045 660 2129 Σιγῆς,
680 2045 786 2108 ἑαυτὸν
804 2044 973 2128 μονώτατον
990 2044 1147 2129 γεγονέναι
1161 2043 1268 2129 λέγων,
1284 2048 1338 2110 ἅτε
1355 2069 1404 2130 μο-

335 2154 457 2236 νογενὴς
484 2150 627 2236 ὑπάρχων
650 2154 684 2216 τὸ
800 2149 943 2240 [σπέρμα]
975 2151 1147 2215 κατοιτεθὲν
1170 2151 1211 2228 εἰς
1233 2153 1323 2214 αὐτὸν
1346 2149 1405 2215 ὧδέ

334 2280 399 2335 πως
421 2257 603 2342 ἀπεκύησεν.
652 2257 753 2341 Αὐτὴν
775 2259 827 2341 τὴν
851 2257 1079 2342 πανοπερτᾶιτην
1102 2259 1163 2321 ἀπὸ
1186 2267 1244 2321 τῶν
1268 2257 1404 2342 ἀοράτων

335 2369 388 2430 καὶ
416 2365 674 2450 ἀκττωνομὰστων
706 2362 805 2428 τόπων
833 2363 961 2451 τετράδα
996 2363 1236 2449 κατεληλυθέναι
1270 2364 1406 2450 σχήματι

335 2471 497 2557 γυναικείῳ
520 2475 594 2555 πρὸς
616 2473 705 2536 αὐτὸν
728 2471 856 2555 (ἐπειδὴ,
876 2473 960 2554 φησὶ,
978 2474 1013 2535 τὸ
1032 2471 1120 2555 &ibex
1139 2473 1230 2554 αὐτῆς
1253 2471 1269 2534 ὁ
1290 2467 1405 2556 κόσμος

264 2563 267 2572 ’
335 2579 434 2664 φέρειν
456 2582 513 2644 οὐκ
535 2576 690 2667 ἠδύνατο),
714 2581 767 2641 καὶ
791 2586 918 2663 μηνῦσαι
941 2578 1034 2662 αὑτὴν
1056 2580 1119 2662 ἥτις
1141 2578 1188 2662 ἠν,
1204 2579 1257 2640 καὶ
1278 2580 1405 2661 τὴντῶν

335 2686 454 2751 πάντων
476 2686 602 2770 γένεσιν,
625 2687 662 2769 ἣν
685 2685 780 2748 οὐδενὶ
802 2682 926 2748 πώποτε
950 2687 1018 2747 οὔτε
1041 2685 1123 2748 θεῶν
1146 2685 1214 2748 οὔτε
1237 2681 1406 2769 ἀνθρώπων

337 2793 524 2876 amatione,
540 2791 636 2876 τούτῳ
655 2791 816 2876 μονωτάτφ
831 2789 1048 2875 διηγήσασθαι,
1064 2794 1158 2866 οὕτως
1173 2791 1334 2855 εἰποῦσαν·
1355 2793 1406 2854 ὅτε

336 2904 370 2965 τὸ
385 2910 512 2985 πρῶτον,
529 2901 564 2961 οὔ
578 2903 677 2983 πατὴρ
688 2897 785 2974 οὐδεὶς
796 2897 843 2981 ἠν,
856 2897 872 2960 b
884 2897 1061 2983 ἀνεννόητος
1075 2899 1129 2961 καὶ
1143 2897 1289 2978 ἀνοὺσιος,
1302 2897 1318 2961 ὁ
1331 2896 1406 2982 μήτε

374 3101 416 3168 (1)
435 3097 473 3150 Ex
498 3098 588 3150 multis
621 3097 698 3150 huius
729 3095 842 3149 difficilis
898 3103 944 3140 sita
972 3103 1068 3140 arcana
1092 3087 1210 3153 (semen)
1233 3085 1404 3156 deposuisset,

338 3183 388 3236 loci
412 3182 671 3252 interpretationibus
698 3178 844 3250 simplicior
898 3189 964 3242 qnae
975 3183 1000 3224 et
1014 3172 1069 3242 ipse
1079 3171 1171 3225 enixus
1184 3182 1224 3224 est
1237 3181 1264 3223 ut
1278 3170 1404 3241 sequitur.

339 3279 378 3321 est
389 3283 455 3338 quae
474 3266 533 3320 Col
541 3283 556 3318 a
564 3265 653 3319 rbasi
671 3281 771 3318 nomen
783 3281 844 3317 cum
898 3255 999 3309 Graece
1012 3273 1103 3310 semen
1114 3258 1159 3309 τοῦ
1169 3257 1349 3322 instaurantes
1360 3269 1405 3307 seu

338 3352 410 3404 hebr,
418 3334 586 3423 xmp&
597 3348 844 3416 (=tetradis)unum
898 3339 963 3392 labis
982 3338 1267 3410 Sophiae-Achamoth
1283 3337 1386 3391 dicitur.

338 3433 414 3487 lacit:
433 3445 472 3486 est
491 3434 571 3504 igitur
587 3432 728 3504 appellatio
746 3447 844 3484 nomen
933 3425 975 3490 (2)
1008 3423 1128 3476 Similem
1162 3421 1406 3476 manifestationem

339 3517 397 3588 Siga
422 3519 610 3571 determinans.
657 3517 737 3586 (Hinc
758 3517 845 3568 nullus
899 3513 994 3582 (pueri,
1003 3529 1049 3565 seu
1060 3511 1160 3583 Logou,
1173 3527 1221 3581 pro
1234 3509 1344 3576 femina)
1357 3509 1405 3562 sibi

339 3603 443 3656 videtur
461 3601 619 3655 Colarbasus
634 3602 790 3665 haereticus,
806 3617 845 3653 se·
900 3599 997 3653 iactam
1021 3600 1140 3653 docuisse
1162 3597 1337 3652 Valentinum
1367 3608 1406 3650 te-

339 3700 449 3758 ctaeque
468 3688 529 3748 dux,
552 3687 691 3750 exstitisse,
711 3686 846 3755 multoque
900 3695 983 3736 statur
1002 3684 1076 3736 Hrru.
1090 3682 1189 3751 VL43,
1202 3683 1246 3753 qui
1260 3693 1286 3736 et
1297 3697 1406 3753 sequen·

340 3772 428 3826 miuus
435 3771 477 3842 qui
487 3770 562 3824 luerit
569 3770 638 3823 filius
649 3771 740 3823 unicus
750 3769 846 3834 Marci;
899 3769 936 3821 tia
955 3768 1077 3821 exscribit
1097 3767 1246 3820 verbaliter.

340 3857 408 3910 lren.
423 3857 479 3928 ipse
494 3855 585 3908 nullibi
601 3855 665 3908 alias
681 3872 780 3907 nomen
795 3855 846 3908 hoc
935 3855 977 3922 (3)
1005 3851 1042 3905 Ut
1073 3851 1197 3917 diximus,
1230 3849 1407 3904 masculinum

340 3941 556 4006 commemorat).
600 3940 705 3993 Marcus
729 3956 786 3992 sese
809 3939 846 3992 ef·
900 3937 1035 3992 Gnosticis
1060 3936 1199 4007 perfectius
1223 3947 1263 3988 est
1287 3951 1349 4006 prae
1367 3933 1380 3986 f
1393 3964 1403 3973 ·

339 4025 448 4080 sutiebat
459 4027 530 4078 velut
541 4024 625 4077 lilium
639 4025 746 4078 unicum
762 4023 846 4094 Siges,
901 4023 999 4086 mineo,
1025 4021 1084 4074 ideo
1112 4019 1245 4074 difficilius
1268 4019 1406 4072 revelatur.

341 4125 419 4183 atque
427 4113 458 4165 ab
466 4129 495 4164 ea
504 4111 539 4163 ita
547 4111 672 4163 dilectum
683 4123 711 4163 ut
723 4111 765 4162 illa
777 4110 803 4162 in
813 4127 846 4162 eo
936 4108 977 4174 (at
998 4105 1018 4178 1,
1040 4122 1062 4158 e.
1081 4117 1192 4158 naturae
1210 4120 1303 4174 expers
1316 4103 1407 4172 (ἀνού-

341 4207 477 4267 tamquam
488 4195 515 4248 in
526 4197 613 4262 μήτρᾳ
626 4206 652 4247 et
665 4193 845 4264 promptuario
899 4193 981 4258 οιος);
1002 4189 1047 4243 cir.
1067 4207 1134 4261 quae
1153 4200 1305 4261 sequuntur.
