3230 5062
200 404 329 473 (ll-HD]
627 405 716 451 LIBER
740 404 854 450 PRIMUS
1212 403 1268 468 153
1349 424 1352 430 .

200 599 279 665 dum
309 597 520 675 disseminata,
543 596 707 684 diligenter
731 595 876 676 custodit,
899 597 987 683 quasi
1011 617 1107 661 unam
1139 591 1272 660 domum

203 703 396 771 inhabitans:
432 720 462 769 et
493 703 634 769 similiter
661 701 758 769 credit
789 703 848 783 his,
880 701 1024 768 videlicet
1055 703 1146 789 quasi
1176 724 1272 767 unam

203 813 344 877 animam
367 809 484 876 habens
508 826 538 876 et
554 832 654 875 unum
670 831 735 891 cor,
747 809 781 863 (¹)
799 826 829 876 et
848 807 1156 875 consonanter·haec
1186 831 1272 895 prae-

203 917 298 998 dicat,
321 933 352 983 et
374 914 476 994 docet,
500 933 531 982 et
549 913 651 998 tradit,
674 917 761 1002 quasi
787 939 885 981 unum
909 913 1072 1002 possidens
1096 937 1142 980 os
1190 915 1272 981 Nam

204 1026 264 1091 etsi
287 1025 319 1090 in
344 1023 464 1090 mundo
488 1022 628 1110 loquelae
651 1020 819 1088 dissimiles
844 1038 925 1103 sunt,
961 1021 1014 1088 sed
1046 1037 1152 1087 tamen
1176 1022 1274 1087 virtus

205 1132 381 1201 traditionis
406 1153 467 1196 una
485 1148 516 1197 et
538 1129 647 1196 eadem
672 1147 728 1196 est.
775 1130 813 1196 Et
833 1153 932 1217 neque
956 1129 1014 1195 hae
1037 1153 1115 1218 quae
1139 1131 1171 1195 in
1195 1129 1276 1197 Ger-

207 1241 310 1306 mania
318 1239 351 1292 (²)
366 1255 438 1304 sunt
455 1236 598 1304 fundatae
611 1236 768 1318 ecelesiae,
781 1236 868 1303 aliter
881 1236 1022 1319 credunt,
1038 1253 1090 1302 aut
1103 1236 1191 1302 aliter
1213 1253 1276 1302 tra-

207 1345 301 1412 dunt:
326 1367 425 1431 neque
449 1343 507 1409 hae
524 1366 604 1432 quae
627 1344 659 1408 in
682 1342 806 1408 Hiberis
826 1358 909 1423 sunt,
932 1365 1033 1431 neque
1060 1341 1117 1408 hae
1140 1364 1219 1430 quae
1244 1343 1276 1407 in

208 1451 318 1532 Celtis,
342 1473 442 1539 noque
461 1449 518 1516 hae
540 1473 619 1539 quae
642 1451 674 1516 in
698 1450 843 1531 Oriente,
867 1472 966 1537 neque
991 1449 1048 1516 hae
1071 1473 1149 1538 quae
1166 1451 1197 1514 in
1214 1450 1277 1514 Ae-

207 1576 317 1647 gypto,
340 1581 441 1646 neque
465 1557 522 1624 hae
544 1580 623 1645 quae
646 1559 678 1624 in
702 1555 812 1644 Libya,
826 1551 928 1646 neque
944 1557 1000 1622 hae
1014 1567 1095 1644 'quae
1114 1558 1147 1622 in
1171 1554 1276 1622 medio

209 1663 318 1731 mundi
329 1666 362 1718 (ί)
381 1681 454 1731 sunt
469 1665 668 1730 constitutae:
688 1664 743 1730 sed
759 1665 838 1730 sicut
855 1663 901 1729 sol
917 1680 1054 1730 creatura
1071 1663 1143 1744 Dei,
1161 1663 1194 1728 in
1207 1662 1277 1728 uni·

210 1793 301 1837 verso
333 1769 453 1836 mundo
477 1793 558 1836 unus
581 1785 611 1835 et
635 1769 719 1837 idem
742 1787 805 1849 est,
831 1769 874 1834 sic
899 1785 930 1836 et
953 1769 1088 1850 (lumen)
1100 1769 1133 1821 (⁴)
1157 1766 1277 1856 praedi-

210 1877 291 1943 catio
314 1877 462 1958 veritatis,
479 1874 600 1965 ubique
627 1875 719 1956 lucet,
743 1893 773 1942 et
801 1875 956 1943 illuminat
979 1898 1091 1941 omnes
1120 1875 1276 1960 homines,

209 1985 262 2072 qui
287 1983 397 2050 volunt
420 1981 458 2050 ad
481 1983 695 2072 cognitionem
727 1983 864 2049 veritatis
888 1983 1005 2048 venire.
1058 1983 1097 2048 Et
1127 2004 1228 2070 neque
1251 1983 1277 2046 is

210 2197 296 2284 μένη,
320 2198 469 2282 ἐπιμελῶς
491 2196 648 2280 φυλόσσει,
672 2196 713 2273 ὡς
735 2199 789 2261 ἕνα
810 2198 893 2261 σίκον
925 2197 1068 2260 οἰκοῦσα·
1092 2200 1144 2260 καὶ
1171 2197 1278 2283 ὁμοίως

210 2304 343 2370 πιστείει
360 2305 482 2384 τούτοις,
498 2303 539 2382 ὡς
554 2303 623 2387 μίαν
641 2303 742 2390 ψυχὴν
758 2307 880 2387 καλιὴν
898 2305 990 2387 αὐτην
1009 2305 1126 2387 ἔχουσα
1143 2303 1278 2386 καρδίαν,

211 2415 264 2475 καί
285 2408 451 2494 συμφώνως
472 2421 567 2475 ταῦτα
588 2411 742 2495 κηρύσσει,
762 2412 815 2474 καί
833 2410 977 2490 διδίσκει,
997 2412 1049 2474 καὶ
1067 2410 1279 2494 παραδίδωσιν,

211 2518 252 2594 ὡς
274 2519 307 2581 ἓν
330 2517 428 2602 στόμα
450 2516 631 2604 κεκτημένη.
678 2517 747 2582 Kar
768 2521 827 2602 γὰρ
851 2517 881 2580 αί
904 2521 983 2581 κατὰ
1005 2521 1056 2581 τόν
1078 2521 1195 2603 κόσμον
1217 2518 1280 2582 διόι-

212 2625 314 2688 λεκιοι
329 2621 476 2709 ἀνόμοιαι,
492 2622 561 2688 ἀλλ’
576 2625 595 2709 ἡ
611 2623 734 2708 δύναμις
748 2634 801 2709 της
813 2621 1008 2707 παραδόσεως
1023 2623 1076 2708 μία
1091 2627 1143 2688 καὶ
1158 2626 1178 2708 ἡ
1193 2625 1279 2708 αὐτή·

215 2731 277 2796 Καὶ
292 2732 361 2793 οὔτε
375 2729 406 2792 αἱ
420 2729 452 2792 ἐν
469 2729 645 2814 Γερμανίαις
660 2728 809 2814 ἱδρυμέναι
824 2729 985 2815 ἐκκλησίαι
1000 2729 1100 2807 ἄλλως
1122 2730 1282 2795 πεπιστεύ-

212 2857 312 2916 κασιν,
336 2837 355 2918 η
378 2835 479 2912 ἄλλως
507 2835 731 2919 παραδιδόασιν,
759 2837 827 2899 οὔτε
854 2837 886 2899 ἐν
909 2845 972 2912 ταῖς
995 2835 1134 2921 Ιβηρίαις,
1159 2841 1226 2900 οὔτε
1250 2836 1283 2899 ἐν

214 2941 351 3022 Κελτοῖς,
374 2943 443 3005 οὔτε
473 2945 553 3006 κατὰ
575 2943 628 3018 τὰς
650 2941 808 3023 ἀνατολὰς,
832 2945 901 3005 οὔτε
916 2941 956 3005 ’ἐν
980 2941 1134 3026 Αἰγύπτῳ,
1159 2946 1227 3006 οῠτε
1251 2945 1283 3007 ἐν

215 3047 323 3134 Λιβυη,
346 3051 415 3112 οὔτε
439 3048 469 3112 αἱ
491 3051 570 3113 κατὰ
594 3046 673 3134 μέσα
695 3057 749 3111 τοῦ
771 3049 889 3132 κόσμου
908 3047 1073 3134 ἱδρυμέναι·
1099 3047 1168 3112 ἀλλ’
1181 3051 1283 3134 ὥσπερ

215 3157 233 3219 ό
252 3155 344 3240 ἥλιος,
364 3159 398 3220 τό
416 3155 530 3241 κτίσμα
544 3165 597 3220 τοῦ
613 3155 704 3238 Θεοῦ,
721 3157 754 3219 ἐν
768 3155 831 3240 δλῳ
847 3165 888 3238 τῷ
906 3156 1013 3240 κόσμῳ
1029 3159 1070 3232 είς
1085 3159 1137 3220 καί
1152 3157 1168 3220 ό
1184 3158 1282 3237 αὐτός,

215 3265 294 3326 οδω)
315 3264 425 3326 καὶτὸ
448 3263 589 3347 κήρυγμα
611 3272 664 3347 τῆς
686 3261 832 3346 ἀληθείας
855 3273 996 3348 πανταχῆ
1020 3263 1125 3345 φαίνει,
1149 3264 1201 3326 καί
1223 3285 1283 3346 φω-

216 3368 288 3446 τίζει
310 3369 424 3446 πίιντας
446 3367 625 3452 ἀνθρώπους
647 3373 714 3446 τοὺς
745 3368 941 3455 βουλομένους
964 3371 1005 3446 εἰς
1028 3369 1186 3453 ἐπίγνωσιν
1208 3369 1283 3454 ἀλη-

254 3542 296 3608 (ι)
314 3539 368 3593 Cfr.
389 3541 446 3594 Act.
467 3539 513 3605 IV,
535 3555 575 3609 32.
783 3562 796 3590 ιι
807 3542 959 3612 [Massuat]
977 3543 1098 3596 idunum
1115 3561 1147 3597 ex
1162 3543 1285 3597 hocloco

255 3626 296 3692 (2)
315 3623 368 3678 Cfr.
388 3637 413 3678 et
429 3624 569 3678 Terruit.
583 3625 651 3679 Adu.
667 3625 724 3680 Iud.
783 3627 861 3678 «erui
888 3639 982 3697 potest,
1007 3628 1076 3697 apud
1101 3628 1149 3681 hos
1176 3629 1285 3698 populos

218 3727 242 3762 c.
253 3725 276 3776 7.
307 3709 395 3762 lmmo
405 3710 491 3762 maior
502 3709 568 3764 fides
577 3711 725 3764 adhibenda
783 3711 929 3764 «ecclesias
948 3723 1010 3764 tunc
1030 3712 1184 3765 extitisse».

219 3794 323 3846 videtur
341 3793 459 3860 irenaeo,
478 3795 523 3865 qui
542 3812 595 3848 non
615 3812 647 3848 ex
667 3812 726 3866 pro·
816 3796 858 3864 (3)
883 3795 1056 3849 Probabiliter
1086 3797 1207 3848 Romana
1241 3813 1286 3849 seu

219 3878 306 3948 posito
329 3877 496 3932 diffusionem
521 3879 657 3932 christiani
679 3897 727 3933 no·
780 3879 855 3944 Itala,
871 3879 958 3932 media
975 3881 1044 3932 inter
1059 3884 1181 3950 regiones
1200 3880 1287 3932 nomi-

221 3962 301 4016 minis
324 3963 507 4018 demonstrare
532 3963 655 4030 intendit,
682 3965 727 4018 sed
781 3976 857 4016 natas
876 3975 901 4017 et
920 3977 983 4016 tunc
1002 3965 1130 4034 cognitas.

220 4047 302 4100 veluti
315 4065 361 4117 per
373 4059 545 4102 transennam
565 4050 650 4102 innuit
664 4051 727 4102 dum
816 4049 859 4115 (4)
867 4047 985 4101 Verbum
996 4048 1154 4118 interpolet<
1165 4047 1287 4101 similitu·

220 4131 349 4185 unitatem
360 4131 421 4186 fidei
429 4144 548 4186 testatur.
563 4133 728 4187 «Caeterum
783 4133 853 4196 dine,
863 4131 973 4186 fortasse
983 4132 1010 4184 in
1022 4131 1083 4202 ipsis
1093 4131 1167 4184 codd.
1178 4131 1287 4202 graecis.
