3274 5100
203 434 263 501 (IX,
278 433 360 498 ra-X,
376 432 429 502 2).]
601 435 690 482 LIBER
714 435 876 482 SECUNDUS

1207 438 1265 503 341

271 651 299 716 3.
324 628 428 719 [WH.
449 630 495 711 X,·
510 627 552 720 r].
600 630 766 711 Quourau
782 651 1000 698 suasa-annau
1020 652 1183 699 trasenna
1200 652 1271 699 tam

204 755 390 802 auruum-:na
406 755 475 801 uox
492 754 650 816 consur,
667 757 865 802 voruurara
880 757 991 802 auxen
1005 758 1045 803 er
1057 758 1197 804 vrnruru
1210 739 1272 804 Dat

203 862 351 908 cousrar
371 861 411 907 er
429 862 527 908 ftoxu
548 862 664 908 uanas.
711 841 810 924 Quod
830 844 915 909 enim
934 842 1043 910 dicunt
1061 868 1099 910 ex
1122 845 1272 931 lacrymis

204 947 394 1028 Achamoth,
411 946 592 1014 humectam
609 947 750 1037 prodisse
767 949 983 1032 substantiam,
997 974 1014 1016 a
1027 952 1091 1016 risu
1105 967 1210 1017 autem
1226 951 1274 1016 lu-

204 1053 319 1135 cidam,
335 1077 351 1120 a
367 1055 491 1120 tristitia
510 1069 614 1120 autem
635 1054 779 1138 solidam,
796 1071 826 1121 et
842 1079 859 1121 a
877 1057 991 1122 timore
1008 1054 1171 1138 mobilem,
1190 1075 1220 1122 et
1240 1059 1272 1122 in

206 1159 254 1225 his
273 1160 371 1226 altum
395 1182 501 1249 sapere
516 1176 546 1226 et
562 1159 706 1227 inflatum
722 1185 800 1244 esse,
819 1161 982 1250 quomodo
1002 1163 1077 1229 haec
1097 1186 1162 1230 non
1178 1163 1272 1252 digna

206 1267 351 1333 irrisione
381 1284 411 1335 et
435 1289 507 1333 vere
537 1265 684 1334 ridicula?
712 1269 766 1356 qui
789 1292 855 1336 non
877 1269 1007 1337 credunt
1030 1269 1169 1359 quidem,
1193 1295 1272 1360 quo-

206 1374 291 1440 niam
316 1375 417 1461 ipsam
437 1374 611 1457 materiam,
634 1397 734 1462 quum
750 1376 790 1440 sit
813 1390 923 1462 potens
947 1391 977 1442 et
1000 1373 1088 1441 dives
1111 1377 1144 1442 in
1167 1379 1272 1442 omni-

207 1478 275 1561 buS,
298 1480 386 1545 Deus
409 1481 536 1559 creavit,
564 1481 738 1546 nescientes
761 1497 913 1568 quantum
938 1497 1040 1569 potest
1070 1483 1215 1569 spiritalis
1241 1500 1271 1548 et

205 1584 311 1651 divina
327 1583 515 1667 substantia3
534 1585 694 1652 credentes
710 1603 815 1652 autem
831 1589 980 1675 quoniam
999 1605 1099 1656 mater
1118 1590 1271 1676 ipsorum,

206 1715 301 1778 quam
321 1690 472 1758 seminam
492 1715 509 1758 a
528 1691 643 1759 femina
663 1710 787 1776 vocant,
799 1693 832 1746 (¹)
854 1717 871 1760 a
891 1693 1054 1782 praedictis
1074 1695 1271 1782 passionibus

207 1799 311 1864 emisit
335 1815 452 1866 tantam
475 1798 664 1866 conditionis
689 1802 866 1867 materiam:
891 1818 921 1866 et
939 1819 1123 1889 quaerentes
1145 1801 1271 1890 quidem

208 1904 290 1971 unde
324 1905 530 1993 suppeditavit
565 1903 742 1973 fabricatori
772 1905 962 1973 conditionis
993 1906 1175 1990 substantia,
1208 1931 1273 1976 non

207 2029 391 2100 quaerentes
417 2029 523 2080 autern
547 2012 630 2080 unde
658 2014 749 2080 rnatri
776 2015 928 2101 ipsorum,
952 2038 1047 2102 quam
1071 2015 1273 2103 enthymesin

208 2137 237 2185 et
268 2121 420 2208 impetum
448 2121 567 2186 Aeonis
602 2122 732 2186 errantis
766 2119 884 2202 dicunt,
907 2120 1063 2208 lacrymas
1096 2139 1197 2188 tantas
1222 2140 1273 2189 aut

208 2226 349 2307 sudores,
373 2243 424 2292 aut
448 2228 633 2307 tristitias,(¹)
655 2245 707 2294 aut
730 2227 848 2315 reliqua
873 2228 1020 2294 materiae
1042 2230 1183 2296 emissio

274 2357 305 2418 4.
330 2331 508 2400 Attribuere
536 2335 621 2400 enim
642 2333 845 2401 substantiam
865 2357 976 2400 eorum
1001 2334 1178 2423 quaefacta
1201 2351 1274 2401 sunt

208 2441 315 2505 virtuti
339 2456 369 2505 et
389 2440 541 2506 voluntati
560 2442 626 2506 eius
649 2441 703 2529 qui
727 2456 773 2507 est
796 2441 941 2506 omnium
963 2441 1061 2522 Deus,
1078 2457 1108 2506 et
1127 2440 1273 2507 credibile

209 2563 239 2611 et
262 2545 449 2634 acceptabile
472 2561 502 2612 et
533 2563 679 2612 constans
703 2563 730 2614 et
754 2549 786 2613 in
810 2546 870 2613 hoc
894 2546 972 2612 bene
999 2546 1171 2614 diceretur:
1195 2569 1275 2635 quo-

209 2654 294 2718 niam
316 2675 421 2740 aquae
438 2652 643 2741 impossibilia
662 2669 734 2719 sunt
749 2652 830 2742 apud
850 2653 1007 2733 homineS,
1027 2652 1185 2741 possibilia
1202 2671 1274 2720 sunt

215 2758 322 2846 «apud
342 2759 448 2825 Deum
464 2759 536 2838 »3⁰³
558 2760 709 2848 quoniam
729 2759 875 2826 homines
890 2759 1018 2849 quidem
1038 2758 1076 2826 de
1095 2759 1194 2826 nihilo
1210 2783 1275 2827 nou

208 2882 340 2953 possunt
371 2865 486 2954 aliquid
518 2865 628 2948 facere,
653 2864 706 2932 sed
739 2865 778 2933 de
807 2869 935 2934 materia
968 2866 1156 2934 subiacenti:
1187 2867 1275 2933 Deus

209 2989 314 3038 autem
332 2995 428 3061 quam
451 2972 597 3040 homines
615 2973 674 3039 hoc
694 2974 797 3061 primo
817 2974 941 3055 melior,
954 2975 987 3026 (4)
1006 2996 1044 3039 eo
1067 2972 1151 3061 quod
1177 2991 1277 3040 mate-

209 3079 288 3145 riam
319 3076 530 3146 fabricationis
558 3103 641 3159 suae‚
664 3103 763 3168 quum
794 3097 864 3146 ante
895 3103 960 3147 non
983 3097 1074 3162 esset,
1099 3082 1164 3169 ipse
1188 3080 1276 3147 adin-

246 3235 287 3303 (1)
307 3233 360 3288 Cfr.
380 3253 404 3289 v.
421 3253 445 3306 g.
459 3234 479 3298 Ι,
493 3249 552 3300 xxr,
572 3250 582 3302 5
602 3238 638 3306 (p.
651 3239 715 3304 24²)

211 3331 236 3372 et
255 3334 323 3384 xxx,
348 3334 358 3387 3
380 3319 425 3372 fin.

245 3403 287 3474 (2)
305 3403 415 3474 Repone
434 3403 498 3456 haec
514 3404 541 3457 in
555 3404 641 3475 primo
653 3422 715 3457 casu

211 3499 238 3539 ut
254 3488 449 3557 praecedentia:
465 3488 560 3559 quippe
575 3506 642 3559 quae
658 3489 715 3542 uni·

210 3588 271 3622 curn
281 3572 390 3624 verbum
402 3571 595 3641 «suppeditavit
601 3593 614 3621 a
624 3573 714 3625 omnia

211 3667 312 3730 regant.

246 3741 288 3806 (3)
307 3738 373 3792 Luc.
398 3737 495 3804 xvul,
521 3753 569 3806 27:
594 3739 622 3792 in
645 3739 716 3793 idem

210 3835 396 3892 argumentum
422 3824 487 3876 haec
505 3825 584 3876 verba
603 3822 717 3878 afferun-

209 3917 251 3959 tur
270 3923 284 3959 a
305 3905 429 3960 Tuxoru.
454 3905 497 3958 Aa
516 3907 601 3960 Aulol.
620 3907 654 3972 ll,
677 3925 717 3978 13,

209 4009 288 4062 quem
315 3993 403 4044 locum
434 3992 546 4044 omnino
573 3993 717 4064 inspexisse

209 4076 347 4130 Irenaeum
364 4077 477 4130 dixerim
490 4088 518 4129 ut
532 4077 612 4130 etiant
627 4093 660 4130 ex
675 4077 716 4130 his

209 4179 276 4232 quae
294 4175 439 4234 sequuntur
458 4180 518 4217 curn
543 4163 595 4216 illis
614 4163 716 4217 collatis

281 4375 335 4416 Bill.
350 4375 416 4416 Sancl.
432 4375 488 4418 Patr.
504 4377 558 4430 (Ser.
573 4376 605 4430 ll)
620 4377 658 4418 lll.

769 3237 859 3307 liquet.
911 3236 1119 3291 Txxooonerus
1146 3254 1218 3302 vero,
1246 3249 1274 3290 ut

770 3333 840 3373 recte
850 3321 972 3389 opinatur
982 3319 1086 3386 Gnatae,
1096 3321 1123 3373 in
1133 3320 1273 3389 Harensob.

769 3403 802 3468 V,
828 3418 850 3470 5,
874 3404 1012 3458 Irenaeum
1038 3405 1165 3469 imitatur,
1190 3404 1274 3456 immo

769 3502 795 3542 et
823 3489 952 3542 nonnulla
976 3489 1055 3543 verba
1082 3506 1177 3560 graeca
1205 3489 1274 3541 illius

770 3584 865 3626 servat.

807 3659 849 3724 (4)
869 3656 965 3722 Primo,
984 3669 1023 3710 est
1043 3657 1152 3726 reliquia
1168 3655 1276 3709 euidens

772 3741 815 3793 cit.
834 3742 883 3795 loc.
903 3740 1025 3811 Theoph.
1062 3739 1173 3792 Materia
1191 3739 1277 3808 fabri·

771 3827 884 3890 calioais,
900 3837 938 3878 est
961 3824 1081 3878 informis
1104 3825 1148 3876 illa
1172 3840 1203 3876 ex
1226 3840 1277 3893 qua

771 3922 874 3963 caetera
886 3922 976 3981 postea
986 3909 1092 3962 condita
1103 3919 1171 3961 sunt.
1209 3907 1277 3960 Hinc

771 3995 902 4066 intelliges
920 4011 971 4066 qua
990 3994 1017 4047 vi
1035 3993 1185 4064 theologica
1204 3993 1277 4046 locus

770 4079 813 4133 hic
839 4091 959 4151 praestet.
1003 4078 1057 4131 Csr.
1081 4090 1108 4131 et
1132 4077 1218 4133 Ἐπίδ.
1241 4093 1273 4144 4;

771 4162 856 4217 Texr.
876 4163 943 4216 aaa.
964 4162 1086 4234 Hermog.
1107 4163 1155 4216 int.

1170 4358 1205 4412 22
