3288 5060
200 473 288 544 (x1V,
310 476 393 546 3-al·]
622 477 712 523 trusa
737 477 851 524 paruus
1206 477 1266 544 ²41

201 673 312 755 homo,
322 673 356 726 (¹)
376 674 464 762 quasi
488 695 602 761 corpus
625 670 754 761 quidem
778 673 919 761 ipsorum
945 673 977 738 in
1000 689 1140 740 creatura
1159 673 1272 740 mundi

200 780 400 868 relinquatur,
424 781 529 847 anima
552 802 629 846 vero
655 780 835 867 proiiciatur
858 780 1045 868 Demiurgo
1092 781 1131 846 Et
1154 783 1272 869 praeci-

200 887 290 974 piunt
312 887 357 952 eis
380 883 578 953 venientibus
601 884 639 953 ad
663 901 831 974 potestates
846 886 879 939 (¹)
910 885 985 952 haec
1008 885 1121 969 dicere,
1148 904 1271 975 postea-

199 1013 294 1078 quam
319 992 435 1058 mortui
461 989 589 1057 fuerint:
614 991 715 1078 «Ego
737 989 820 1058 filius
842 1015 859 1058 a
883 991 985 1072 Patre,
1009 992 1099 1058 Patre
1122 994 1175 1081 qui
1199 1010 1271 1060 ante

202 1095 302 1179 anit,
324 1096 531 1165 filiusautem
550 1100 583 1163 in
602 1099 712 1187 coqui
748 1115 819 1166 ante
843 1097 946 1166 fuitltl
990 1099 1073 1165 Veni
1092 1116 1198 1167 autem
1222 1102 1271 1166 vi·

205 1203 306 1272 «dere
328 1207 435 1272 omnia
458 1229 537 1294 quae
561 1220 633 1272 sunt
656 1228 727 1272 mea
750 1206 922 1286 etaliena;
952 1228 1018 1273 non
1040 1223 1145 1273 autem
1169 1207 1269 1274 aliena

201 1311 401 1391 «intutum,
424 1310 477 1378 sed
509 1327 582 1377 sunt
601 1310 790 1391 Achamoth,
814 1333 893 1399 quae
917 1329 964 1378 est
987 1310 1113 1392 femina,
1138 1328 1169 1378 et
1192 1312 1267 1379 haec

205 1415 295 1483 «sibi
312 1416 403 1484 lecit:
427 1415 551 1484 deducit
570 1419 656 1484 enim
680 1441 779 1504 genus
803 1441 840 1484 ex
864 1441 903 1485 eo
921 1419 975 1507 qui
994 1436 1066 1485 ante
1090 1418 1158 1500 fuit,
1180 1436 1211 1486 et
1229 1443 1268 1488 eo

201 1547 339 1590 «rursus
357 1525 390 1589 in
409 1547 478 1591 inea
497 1523 579 1592 unde
598 1525 713 1590 veni».
760 1525 800 1590 Et
822 1526 898 1592 haec
914 1525 1071 1592 dicentem
1091 1526 1222 1593 eradere
1238 1545 1269 1593 et

198 1629 336 1719 effugere
353 1647 520 1718 potestates
535 1630 652 1698 dicunt.
699 1631 816 1697 Venire
838 1641 964 1721 quoque
986 1630 1024 1699 ad
1048 1655 1103 1700 eos
1126 1635 1269 1722 quisunt

196 1827 237 1904 ὡς
250 1835 309 1892 τῶν
321 1827 469 1911 supirans
483 1827 594 1892 τοῦτον
608 1827 641 1890 ἐν
658 1835 696 1911 τῇ
708 1825 805 1891 κτίσει
822 1827 1147 1914 καταλιμποινομὲνων·
1163 1839 1217 1914 τῆς
1233 1831 1266 1894 δὲ

195 1933 295 2020 ψυχῆς
316 1935 414 1998 αὐτῶν
440 1931 662 2019 παρισταμένης
684 1941 726 2016 τῷ
749 1932 930 2019 Δημιουργῷ
1033 1933 1267 2020 Ἐγιιελεὺονται

195 2039 231 2104 δὲ
319 2042 365 2105 ὅτι
464 2041 517 2104 ἐὰν
535 2040 616 2124 ἔλθῃ
635 2042 684 2105 ἐπὶ
701 2041 755 2116 τὰς
848 2037 984 2118 ἐξουσίας
1077 2041 1148 2106 τάδε
1164 2043 1266 2123 εἰπεῖν,

196 2150 273 2232 μετὰ
283 2151 337 2232 τὴν
417 2145 592 2236 celeuma}
611 2173 627 2208 (ι
640 2145 724 2232 Ἐγὼ
736 2145 798 2223 υἱὸς
808 2148 870 2210 ἀπὸ
885 2146 1014 2232 Πατρὸς,
1028 2147 1147 2233 Πατρὸς
1162 2147 1268 2233 προόν-

202 2280 218 2313 α
230 2273 289 2336 τος,
308 2255 370 2332 υἱὸς
387 2256 421 2320 δὲ
438 2255 529 2339 ἐντῷ
543 2254 673 2338 προόντι.
719 2252 842 2318 Ἦλθον
856 2253 956 2318 πάντα
975 2254 1266 2339 penetraleque,

202 2388 217 2422 ιι
230 2365 281 2426 aul
290 2361 415 2426 τάἶδιιι·
430 2364 482 2426 καὶ
493 2363 549 2426 οὐκ
560 2359 704 2446 ἀλλότριοι
715 2361 748 2424 δὲ
760 2360 926 2440 παντελῶς,
938 2359 1020 2424 ἀλλὰ
1030 2370 1084 2445 τῆς
1096 2359 1265 2446 Ἀχαιιὼθ,

202 2470 290 2552 «ἥτις
313 2469 377 2532 lori
398 2468 519 2552 θήλειαι,
543 2470 597 2531 καὶ
622 2475 718 2532 ταῦτα
739 2465 831 2550 ἑαυτῇ
856 2464 998 2552 ἐποίησε·
1025 2466 1151 2553 madro
1174 2469 1208 2532 δὲ
1231 2472 1265 2532 τὸ

201 2573 313 2658 «γένος
341 2574 379 2638 ἐκ
407 2583 462 2639 τοῦ
490 2573 643 2659 προοντος,
673 2575 726 2638 καὶ
749 2573 912 2658 πορεύομαι
939 2572 1030 2638 πάλιν
1060 2574 1101 2650 εἰς
1127 2577 1165 2638 τὰ
1192 2575 1265 2654 ἴδιοι,

200 2705 216 2740 ιι
229 2680 302 2746 ὅθεν
319 2680 459 2764 ἐλήλυθα
473 2706 501 2745 u.
548 2679 612 2744 Καὶ
627 2689 722 2744 ταῦτα
734 2679 856 2744 εἰπόντα
871 2679 1042 2766 διαφεύγειν
1060 2682 1114 2758 τὰς
1132 2680 1267 2760 ἐξουσίας

230 2859 273 2926 (1)
299 2857 404 2928 Nempe
432 2875 546 2928 pneuma
574 2858 644 2929 quod
673 2857 701 2910 in
758 2857 844 2928 «quid
864 2857 902 2909 illi
922 2857 972 2910 sibi
991 2857 1085 2910 volunt
1104 2869 1265 2910 secretarum

193 2942 315 2996 Pleroma
339 2943 470 3006 transibit,
489 2959 584 3013 corpus
606 2955 702 3007 terrae,
759 2942 880 2994 «artium
893 2941 967 3006 ritus,
981 2941 1075 3011 quibus
1094 2938 1207 2992 affantur
1219 2957 1264 2993 ne·

193 3031 283 3096 ψυχὴν
292 3027 439 3098 Demiurgo
450 3028 609 3099 relinquens.
645 3026 700 3081 Cf.
758 3045 772 3073 «
782 3025 837 3078 scio
856 3041 920 3096 quas
940 3037 1092 3096 potestates,
1107 3036 1136 3078 ut
1149 3025 1202 3078 sint
1218 3041 1266 3077 vo·

194 3129 271 3182 supra
290 3129 312 3165 c.
333 3111 391 3178 Vll,
411 3127 435 3165 2.
758 3108 884 3162 «luntate
897 3108 1024 3178 placidae,
1043 3124 1129 3179 neque
1141 3107 1175 3162 ad
1189 3107 1265 3162 sedes

228 3194 272 3266 (a)
286 3195 306 3248 1.
320 3211 343 3248 e.
356 3195 546 3250 Cosmoerator
558 3208 584 3249 et
597 3208 701 3249 caetera
758 3193 961 3246 «remeantibus
998 3192 1096 3263 patrias
1128 3192 1263 3246 obstacula

192 3279 319 3350 spiritalia
342 3280 469 3345 malitiae,
492 3281 586 3352 quibus
607 3296 701 3351 corpus
758 3277 963 3348 «impeditionis
978 3288 1114 3348 opponant
1129 3291 1217 3330 ete».

192 3363 311 3434 hylicum
336 3363 499 3435 relinquitur.
542 3361 701 3434 Opportune
790 3363 832 3430 (3)
852 3361 939 3415 Facile
960 3361 1088 3432 percipies
1108 3361 1153 3414 hic
1174 3362 1263 3414 notio-

192 3447 313 3502 observat
320 3447 440 3513 Aumcu,
450 3448 468 3500 l.
480 3465 502 3501 c.
513 3448 634 3519 p.77,his
646 3447 701 3518 riti-
754 3463 817 3499 nem
836 3446 942 3499 unionis
957 3445 1075 3500 hominis
1090 3462 1151 3499 cum
1167 3445 1264 3499 divini·

192 3529 239 3584 bus
248 3531 371 3601 geminos
379 3531 470 3584 haberi
481 3533 525 3602 qui
536 3531 603 3601 apud
613 3532 700 3585 ethni·
753 3543 809 3584 tate
827 3547 909 3601 quam
924 3529 1046 3585 Gnostici
1065 3530 1182 3585 studiose
1201 3529 1263 3584 affe·

191 3631 237 3668 cos
246 3614 274 3668 in
283 3631 389 3686 genere,
397 3616 551 3686 praesertim
562 3616 590 3669 in
599 3628 701 3687 myste-
754 3615 870 3668 etabant.
907 3613 961 3667 Cfr.
971 3631 1027 3691 sup.
1041 3612 1115 3679 XIV,
1134 3626 1263 3682 3senten-

192 3697 236 3751 riis
245 3709 272 3752 et
282 3698 375 3752 ritibus
385 3699 590 3770 magicis,saepe
603 3699 700 3753 deseri-
753 3699 819 3753 tiam
840 3699 914 3752 illam
933 3698 1015 3754 Marci
1034 3701 1078 3752 ἱνα
1096 3701 1145 3765 len
1165 3699 1180 3750 ὃ
1199 3701 1262 3764 ἐγὼ,

191 3781 289 3836 buntur
307 3781 521 3849 ἀποθαναιὶομοι
539 3799 584 3836 seu
605 3783 700 3837 itinera
753 3789 800 3838 atel
819 3787 874 3852 ἐγὼ
893 3785 908 3836 ὃ
927 3786 958 3836 σὺ
980 3799 1061 3856 quam
1085 3795 1111 3837 et
1135 3781 1211 3836 Pislis
1236 3781 1262 3836 S.

191 3865 297 3920 animae
315 3879 375 3938 post
390 3879 515 3921 mortem.
553 3866 607 3922 Csr.
622 3884 700 3938 super
753 3868 902 3937 (sermm,
915 3882 975 3937 203,
986 3871 1051 3937 231)
1062 3867 1136 3922 effert
1148 3879 1175 3920 ut
1185 3865 1262 3920 Chri-

190 3949 256 4004 haec
274 3951 314 4004 De
333 3959 404 4021 myst.
428 3954 557 4023 aegyptiis,
572 3951 645 4018 Vlll,
666 3953 697 4017 ὸς
753 3953 786 4007 sti
802 3953 917 4007 dictum:
934 3953 1001 4008 «ille
1012 3963 1053 4006 est
1066 3969 1126 4024 ego,
1139 3969 1190 4021 ego
1202 3969 1262 4005 sum

189 4033 308 4088 Puorm.
325 4033 437 4088 Eumad.
450 4035 484 4102 ΙΙ,
497 4051 523 4106 9,
542 4051 587 4104 13;
597 4035 698 4108 fragm.
757 4036 833 4101 «isti,
846 4037 889 4090 isti
902 4048 963 4090 sunt
979 4053 1070 4108 ego»;
1083 4036 1161 4089 huius
1180 4034 1261 4088 etiam

186 4126 247 4189 pap.
262 4136 331 4190 mag.
356 4118 405 4185 556
417 4135 474 4190 sqq.
508 4119 628 4174 Breviter
641 4137 697 4174 rem
753 4121 860 4192 gemina
876 4132 962 4174 exstat
981 4137 1049 4194 quae
1068 4119 1096 4173 in
1111 4128 1171 4191 pap.
1184 4135 1260 4188 arrap.

190 4201 274 4274 pingit
297 4204 407 4257 Annos.
432 4203 500 4257 Ado.
527 4203 588 4258 Nat.
610 4204 643 4269 ll,
666 4219 695 4274 13
752 4203 848 4276 Leydcn
859 4205 1060 4275 mutemus,
1070 4220 1095 4257 0.
1105 4221 1127 4257 c.
1138 4203 1261 4274 l‚p.143)
