3274 5100
233 483 305 552 (XV,
328 483 499 554 3-xv1,1).]
630 487 719 533 traua
742 487 906 533 secuuous

1235 489 1272 554 35
1281 489 1295 552 3

234 677 285 744 Sic
308 693 413 744 autem
438 694 468 744 et
487 680 519 744 in
543 680 670 766 reliquis
689 678 837 746 omnibus
860 680 936 745 nulli
953 679 1065 746 similis
1079 681 1137 746 erit
1153 681 1298 746 omniurn

233 785 323 849 Pater
348 784 516 851 hominum
544 785 718 872 pusillitati:
753 802 784 850 et
817 785 930 852 dicitur
963 785 1091 874 quidem
1126 785 1297 852 secundum

234 888 308 956 haec
331 908 458 980 propter
481 891 693 974 dilectionem,
710 893 841 957 sentitur
865 908 968 958 autem
987 891 1169 980 superhaec
1189 915 1301 958 secun-

233 997 308 1064 dum
335 997 632 1086 magnitudinem.<¹)
666 999 770 1090 [WH.
790 999 883 1078 XVI,
909 999 951 1090 r].
996 1001 1159 1081 Quouran
1188 1021 1300 1067 sensus

234 1126 302 1171 uon
335 1125 504 1172 rorursser
528 1126 640 1174 enrrrr
665 1127 744 1180 Qum
774 1127 838 1172 rese
861 1126 1045 1172 murreum
1070 1127 1220 1181 retroue.
1267 1108 1298 1174 Si

234 1210 328 1298 igitur
352 1227 381 1276 et
406 1211 438 1276 in
469 1209 650 1278 hominibus
674 1213 740 1299 ipse
763 1211 890 1300 quidem
916 1235 1025 1278 sensus
1049 1235 1113 1278 non
1137 1213 1300 1294 emittitur,

234 1340 334 1405 neque
353 1334 511 1407 separatur
530 1342 546 1384 a
566 1319 651 1401 vivo,
670 1320 697 1384 is
715 1320 769 1407 qui
783 1320 898 1386 emittit
917 1319 1049 1406 reliqua:
1070 1320 1227 1386 motiones
1247 1343 1301 1386 au-

235 1441 298 1490 tern
312 1425 379 1492 eius
390 1443 422 1492 et
445 1424 575 1492 affectus
594 1426 778 1512 perveniunt
794 1425 831 1492 ad
845 1425 1062 1505 manifestum3
1083 1427 1185 1492 multo
1200 1427 1300 1514 magis

235 1532 295 1599 Dei
313 1533 366 1621 qui
396 1549 480 1600 totus
512 1556 621 1598 sensus
651 1549 708 1613 est,
732 1533 798 1619 ipse
812 1533 846 1586 (²)
868 1557 885 1599 a
909 1535 1080 1620 semetipso
1103 1557 1298 1622 nequaquam

234 1639 436 1725 separabitur,
453 1662 552 1726 neque
571 1640 658 1727 quasi
683 1637 720 1706 ab
745 1639 805 1706 alio
825 1638 907 1706 aliud
932 1641 1094 1706 emittitur.

304 1764 333 1828 5.
357 1745 388 1810 Si
409 1746 494 1810 enim
519 1767 647 1810 sensum
667 1745 781 1824 emisit,
805 1745 871 1832 ipse
894 1744 946 1831 qui
966 1743 1070 1809 emisit
1089 1765 1229 1824 sensum,
1252 1765 1301 1808 se-

235 1849 372 1916 cundum
397 1873 452 1916 eos
471 1852 665 1939 compositus
689 1869 719 1918 et
742 1851 912 1938 corporalis
932 1850 1125 1938 intelligitur,
1145 1867 1178 1916 ut
1197 1851 1237 1916 sit
1252 1873 1301 1915 se-

235 1959 366 2044 paratim
401 1956 528 2047 quidem
559 1959 613 2046 qui
643 1959 758 2037 emisit,
793 1957 892 2037 Deus,
923 1958 1088 2044 separatim
1119 1973 1223 2022 autem
1247 1957 1300 2044 qui

235 2067 370 2131 emissus
401 2083 458 2146 est,
489 2088 609 2132 sensus.
664 2066 697 2133 Si
727 2080 832 2132 autem
860 2063 898 2130 de
922 2088 1015 2131 sensu
1045 2088 1173 2131 sensum
1197 2063 1300 2131 dicant

235 2173 398 2254 emissum,
412 2172 591 2260 praecidunt
604 2196 733 2238 sensum
746 2172 806 2239 Dei
819 2189 849 2238 et
861 2173 1046 2260 partiuntur.
1094 2173 1171 2254 Quo
1184 2189 1300 2254 autem,

235 2297 264 2344 et
288 2278 370 2345 unde
393 2280 528 2345 emissus
552 2280 620 2346 est?
667 2279 765 2361 Quod
789 2279 875 2346 enim
899 2277 935 2344 ab
959 2280 1065 2368 aliquo
1089 2280 1251 2359 emittitur,
1268 2281 1301 2346 in

235 2384 360 2472 aliquod
380 2384 554 2452 subiectum
579 2387 741 2453 emittitur.
788 2386 876 2468 Quid
896 2403 1001 2452 autem
1026 2384 1201 2453 subiacebat
1221 2388 1300 2453 anti-

235 2493 326 2579 quius
354 2515 448 2579 quam
480 2515 589 2558 sensus
613 2493 684 2573 Dei,
715 2493 748 2558 in
770 2491 853 2580 quod
886 2493 1038 2559 emissum
1066 2491 1175 2559 dicunt
1204 2494 1302 2559 eum?

237 2597 383 2678 Quantus
407 2613 512 2662 autem
536 2613 566 2662 et
585 2614 650 2663 erat
673 2598 772 2677 locus,
796 2615 830 2663 ut
854 2599 1022 2686 susciperet
1046 2614 1075 2663 et
1100 2615 1219 2685 caperet
1240 2598 1299 2664 Dei

235 2705 385 2770 sensum?
430 2703 463 2769 Si
487 2722 604 2783 autem,
622 2703 891 2792 quemadmodum
914 2728 931 2770 a
952 2705 1018 2771 sole
1042 2704 1164 2771 radium
1182 2705 1300 2772 dicant:

236 2811 315 2876 sieut
346 2807 483 2876 subiacet
510 2833 561 2876 aer
585 2810 633 2876 hic
657 2812 864 2901 susceptor,(’)
893 2829 923 2879 et
946 2812 1103 2899 antiquior
1125 2813 1183 2878 erit
1205 2835 1300 2901 quam

271 3033 313 3098 (r)
340 3031 521 3086 Pulcherrima
552 3035 684 3087 sententia
715 3046 741 3087 et

235 3117 386 3186 Augustino
405 3133 466 3170 vere
488 3118 582 3188 digna:
601 3119 741 3172 homiuum

236 3201 381 3270 cognitioni
405 3201 486 3254 veluti
510 3202 741 3256 accommodatum

236 3284 347 3337 dicimus
376 3286 522 3352 (secundum
548 3286 625 3355 haec)
655 3286 742 3340 Deum

236 3382 342 3440 propter
372 3387 447 3422 suam
475 3371 742 3424 condescendentiam

237 3455 278 3507 vel
297 3455 465 3508 dilectionem
485 3472 536 3525 qua
556 3455 599 3508 ille
618 3473 667 3508 nos
682 3473 742 3526 pro-

237 3539 352 3609 sequitur
364 3552 390 3592 et
402 3557 452 3592 nos
468 3539 500 3592 ad
516 3557 577 3593 eum
596 3541 682 3594 attolli
698 3559 741 3595 cu-

236 3624 335 3693 pimus:
354 3625 399 3678 sed
418 3633 492 3695 super
514 3626 579 3678 haec
600 3637 626 3678 et
648 3643 742 3680 omnes

236 3709 372 3779 analogias
390 3708 445 3778 ipse
464 3710 575 3762 sentitur
597 3711 742 3763 secundum

236 3810 311 3846 suam
339 3793 537 3847 sublimitatem.
557 3824 591 3834 —
610 3793 647 3847 Cf
658 3835 664 3847 .
695 3794 742 3859 IV,

236 3893 283 3942 xx,
304 3895 328 3930 1:
347 3878 455 3948 «Igitur
473 3878 618 3931 secundum
637 3879 741 3949 magni-

240 3963 382 4016 atudinem
419 3980 473 4016 non
507 3974 545 4016 est
581 3979 741 4033 cognoscere

240 4047 358 4110 «Deum,
371 4047 533 4117 impossibile
545 4059 584 4100 est
595 4047 741 4100 mensurari

240 4131 384 4196 1‹Patrem;
403 4131 547 4184 secundum
570 4144 659 4184 autem
678 4132 741 4184 dile-

239 4217 377 4268 actionem
390 4216 446 4268 eius
456 4216 534 4284 (haec
544 4227 583 4268 est
593 4215 665 4269 enim
675 4233 743 4286 quae

798 3051 871 3087 «nos
895 3051 942 3105 per
960 3033 1077 3087 Verbum
1103 3035 1157 3088 eius
1182 3035 1301 3105 perducit

799 3139 813 3168 n
822 3119 854 3172 ad
868 3119 966 3187 Deum)
978 3119 1130 3173 obedientes
1139 3120 1163 3173 ei
1177 3120 1302 3174 discimus

798 3204 948 3274 «quoniam
971 3217 1061 3257 tantus
1080 3216 1119 3257 est
1137 3205 1232 3258 Dens»
1250 3217 1300 3258 etc.

795 3287 845 3340 Sed
861 3289 919 3358 lege
934 3288 1067 3360 integrum
1086 3289 1150 3342 illud
1165 3291 1301 3361 egregium

795 3384 881 3442 caput.
935 3372 989 3426 Cfr.
1014 3385 1040 3426 et
1068 3373 1144 3438 infra,
1165 3389 1245 3439 xxut,
1280 3391 1302 3440 1,

796 3469 874 3527 atque
888 3461 935 3522 Εἰς
950 3461 1018 3512 daie.
1033 3457 1066 3523 11,
1082 3458 1125 3526 87,
1141 3471 1184 3526 90,
1199 3472 1241 3528 95.

831 3543 874 3611 (2)
893 3541 912 3594 1.
932 3558 955 3594 e.
974 3559 1066 3595 sensus
1085 3558 1130 3596 seu
1148 3544 1225 3606 Νοῦς.

832 3629 873 3694 (3)
893 3626 956 3680 Mss.
975 3629 1116 3698 susceptor,
1132 3637 1243 3680 attracta
1263 3627 1302 3680 vi-

795 3710 890 3764 delicet
918 3727 933 3762 a
958 3709 1098 3764 festinante
1123 3711 1206 3764 scriba
1234 3710 1303 3764 desi-

796 3795 886 3848 nentia
908 3795 981 3848 verbi
1006 3795 1180 3866 insequentis:
1211 3811 1304 3848 sensus

796 3891 848 3933 est:
861 3878 888 3932 Si
901 3891 999 3944 autem,
1012 3880 1083 3932 velut
1097 3897 1112 3932 a
1125 3881 1181 3933 sole
1191 3879 1303 3944 radium,

797 3964 923 4018 emissum
943 3965 1046 4017 dicant:
1065 3964 1131 4018 sicut
1150 3965 1192 4017 hic
1205 3981 1250 4016 aer
1262 3982 1303 4017 ra-

797 4049 832 4102 dii
845 4061 981 4119 susceptor
993 4050 1062 4117 (seu,
1077 4061 1105 4102 ut
1118 4066 1191 4113 mox,
1203 4049 1303 4119 capabi-

797 4133 849 4200 lis),
868 4145 893 4186 et
919 4132 1052 4204 antiquior
1076 4133 1125 4186 erit
1149 4145 1198 4186 etc.
1221 4133 1306 4186 itaet

797 4215 851 4268 illic
870 4216 1010 4269 ostendant
1026 4229 1076 4270 etc.
