3172 5044
138 439 170 501 (1,
193 439 247 510 5).]
572 439 660 485 tanna
685 440 798 486 natatus
1173 443 1210 506 91

139 638 236 702 etiam
261 655 291 702 er
310 635 457 702 ordinem
481 637 620 723 ipsorum
641 657 775 715 servare,
793 637 837 701 sic
860 634 1036 701 dicentem:
1067 637 1129 702 «ln
1146 639 1215 703 uni·
1246 689 1250 698 .

142 767 282 810 aversas
306 745 524 831 generationes
548 741 660 808 saeculi
685 742 881 808 saeculorum
895 742 972 807 ναῶ)
1018 741 1077 809 Sed
1101 760 1131 808 et
1157 766 1215 808 nos

141 852 226 936 ipsos
239 850 375 936 denique
387 850 419 914 in
438 850 609 936 gratiarum
624 846 799 914 actionibus
813 846 962 930 dicentes,
985 871 1126 914 «aeonas
1143 873 1215 915 aeo-

143 985 158 1018 «
174 981 252 1022 num
267 958 345 1038 »,(²)
368 957 440 1022 illos
462 959 587 1022 Aeonas
606 954 800 1042 significare:
825 973 855 1020 et
871 953 1048 1043 ubicunque
1068 979 1146 1022 aeon
1162 975 1215 1022 aut

142 1087 257 1130 aeones
282 1064 496 1142 nominantur,
513 1065 544 1128 in
568 1063 638 1128 illos
658 1060 689 1129 id
709 1061 816 1128 referri
841 1062 961 1128 volunt.

211 1191 242 1235 2.
262 1168 463 1236 Duodecadis
487 1186 590 1235 autem
614 1171 762 1234 Aeonum
782 1171 986 1235 emissionem
1006 1169 1212 1256 significatam

144 1299 197 1364 per
214 1277 257 1356 id,
281 1275 366 1363 quod
390 1276 558 1342 duodecim
581 1299 737 1342 annorum
761 1277 912 1342 exsistens
929 1277 1089 1342 Dominus
1109 1273 1214 1363 dispu-

143 1386 255 1449 taverit
268 1407 342 1449 cum
356 1384 434 1470 legis
450 1381 649 1462 doctoribus3
666 1399 695 1448 et
708 1405 761 1470 per
777 1383 993 1470 apostolorum
1008 1383 1211 1448 eiectionem:

143 1490 309 1558 duodecim
340 1493 426 1556 enim
456 1490 616 1577 apostolos
635 1491 738 1576 clegit.
797 1490 834 1556 Et
868 1490 1004 1578 reliquos
1036 1487 1212 1556 octodecim

145 1601 269 1664 Aeonas
286 1595 477 1663 manifestari
497 1619 551 1684 per
568 1594 609 1679 id,
628 1596 711 1683 quod
724 1613 795 1684 post
815 1597 1075 1662 resurrectionem
1093 1619 1109 1662 a
1128 1617 1211 1661 mor-

144 1706 204 1770 tuis
227 1703 404 1770 octodecim
431 1703 591 1769 mensibus
614 1702 717 1769 dicant
737 1720 957 1769 conversatum
981 1727 1053 1768 eum
1074 1725 1146 1768 cum
1166 1701 1213 1768 di-

145 1812 279 1898 scipulis.
292 1812 325 1862 (³)
372 1809 432 1878 Sed
457 1827 487 1876 et
511 1808 728 1897 praecedentes
752 1811 890 1876 nominis
914 1811 980 1874 eius
1003 1809 1080 1875 duas
1111 1809 1213 1874 literas

145 1918 205 1982 iota
229 1934 258 1983 et
283 1919 383 1996 eta,(⁴)
405 1916 581 1983 octodecim
605 1918 731 1981 Aeonas
762 1915 972 2003 significanter
1003 1914 1211 1981 manifestare.

147 2132 260 2208 Αἰῶνας
283 2132 441 2216 ὀνομάζειν
464 2130 621 2208 πολλάκις,
645 2132 688 2193 ἔτι
711 2130 744 2192 δὲ
768 2131 820 2193 καί
838 2134 892 2212 τὴν
910 2128 989 2204 τάξιν
1007 2131 1104 2192 αὐτῶν
1127 2150 1212 2211 τετη-

146 2238 265 2322 ρηκέναι
287 2242 381 2315 οὕτως
403 2240 524 2302 εἰπόντα
549 2239 622 2314 «εἰς
640 2237 740 2313 πάσας
758 2240 810 2312 τάς
827 2239 932 2321 γενεάς
955 2247 1007 2300 τοῦ
1030 2237 1135 2310 αἰῶνος
1153 2245 1212 2298 τῶν

152 2344 289 2408 ιαίῶνων
301 2371 317 2405 ι)
333 2367 340 2381 ·
365 2345 444 2408 ἀλλὰ
460 2347 512 2408 καί
527 2346 605 2428 ἡμᾶς
621 2343 670 2407 eat
685 2354 738 2428 τῆς
755 2343 945 2426 εὐχαριστίας
963 2342 1117 2426 λέγοντας,
1144 2367 1158 2402 ιι
1170 2342 1211 2416 εἰς

149 2457 243 2527 «τοὺς
267 2453 375 2527 αἰῶνας
397 2462 455 2515 τῶν
477 2451 634 2531 αἰώνων»,
658 2451 790 2526 ἐκείνους
812 2454 880 2526 τοὺς
899 2450 1019 2525 Αἰῶνας
1037 2449 1209 2532 σημαίνειν·

145 2559 195 2620 καί
212 2560 289 2622 ὅπου
307 2561 344 2620 ἂν
361 2559 433 2620 αἰὼν
452 2560 471 2641 ἢ
490 2559 594 2633 αἰῶνες
609 2556 820 2639 ὀνομάζωνται,
841 2559 894 2639 τὴν
913 2557 1065 2640 ἀναφοράν
1079 2556 1120 2630 εἰς
1135 2555 1210 2618 ἐκεί-

145 2681 211 2740 νοιις
229 2665 303 2727 εἶναι
322 2664 457 2727 θέλουσι.

211 2789 239 2834 2.
261 2771 326 2854 Τὴν
345 2772 378 2833 δὲ
397 2780 449 2855 τῆς
467 2770 636 2846 δωδεκάδος
653 2779 711 2833 τῶν
727 2768 849 2834 Αἰώνων
865 2769 1014 2854 προβολὴν
1031 2766 1209 2852 μηνὺεσάαι,

145 2876 190 2940 &it
212 2886 265 2940 τοῦ
288 2877 459 2959 δωδεκαειῆ
483 2879 628 2940 ὄντατῶν
653 2876 763 2960 Κύριον
787 2876 986 2961 διαλεχθῆναι
1008 2884 1068 2950 τοῖς
1096 2873 1210 2956 νομοδι-

144 2985 315 3063 δασκάλοις,
334 2985 387 3047 καί
404 2985 453 3046 διά
470 2994 523 3068 τῆς
546 2993 604 3047 τῶν
623 2982 822 3048 ’nauseatur
841 2983 990 3066 ἐκλογῆς·
1016 2981 1134 3046 δώδεκα
1151 2985 1210 3064 γὰρ

144 3089 336 3156 ’demta
384 3089 446 3155 Kar
460 3095 529 3166 τοὺς
544 3091 666 3165 λοιποὺς
681 3090 838 3154 δεκαοκτὼ
858 3091 976 3164 Αἰῶνκς
994 3087 1208 3172 ρανεροῦαθαι,

143 3199 189 3259 διὰ
210 3206 264 3260 τοῦ
287 3200 364 3280 μετά
386 3200 439 3279 τὴν
462 3197 499 3259 ἐκ
521 3205 633 3280 νεκρῶν
655 3196 817 3259 ἀνάστασιν
835 3196 991 3258 δεκαοκτὼ
1015 3197 1086 3278 μησὶ
1109 3193 1209 3277 λέγειν

142 3301 354 3386 διατετριφέναι
369 3305 458 3367 αὐτὸν
473 3308 527 3366 σῶν
542 3313 601 3378 τοῖς
616 3303 783 3387 μαθηταῖς·
831 3302 911 3364 ἀλλά
924 3304 976 3364 καὶ
990 3302 1039 3363 διά
1050 3311 1107 3364 τῶν
1120 3323 1210 3384 προη-

141 3409 292 3493 γουμένων
315 3419 368 3473 τοῦ
387 3409 532 3493 ὀνόματος
549 3412 641 3472 αὐτοῦ
660 3409 712 3470 uto
731 3408 922 3492 γραμμάτων,
941 3415 994 3471 τοῦ
1013 3430 1045 3470 τε
1066 3408 1138 3470 ἰῶτα
1156 3409 1208 3470 καὶ

175 3585 218 3650 (1)
232 3581 294 3654 Ερίι.
304 3582 350 3646 111,
362 3598 404 3636 21.
442 3581 517 3636 Ordo
530 3595 648 3635 servatur
705 3602 719 3632 «
728 3583 824 3634 riarum
836 3581 979 3634 actionibus
989 3601 1002 3630 ν
1021 3581 1073 3650 legi
1092 3583 1132 3632 ent
1148 3587 1208 3645 τῆς

140 3681 173 3718 eo
181 3665 250 3735 quod
262 3666 333 3734 prior
346 3666 458 3734 prolatio
469 3665 568 3718 Aeonis
579 3668 646 3732 (sae
702 3665 904 3737 εὐχαριστίας.

141 3750 204 3811 culi)
222 3749 282 3802 dein
308 3749 430 3801 Aeonum
458 3751 647 3818 (saeculorum)
738 3753 780 3817 (ρ)
801 3751 839 3802 Ita
858 3762 883 3802 et
899 3749 1025 3819 Ophitae,
1037 3766 1059 3800 c.
1069 3748 1209 3812 XXX‚14.

141 3835 323 3904 generationes
338 3833 531 3902 perhibeantur.
702 3835 859 3886 Huiusmodi
878 3833 964 3886 fabula
985 3833 1041 3902 [cfr.
1062 3832 1118 3884 Act.
1139 3833 1159 3896 1,
1184 3833 1209 3900 3]

175 3919 216 3982 (2)
232 3918 327 3970 Verbis
349 3918 515 3971 «insaecula
531 3919 648 3972 saeculo·
702 3919 903 3972 fundamentum
923 3931 962 3971 est
981 3919 1126 3970 multorum
1148 3934 1211 3986 apo·

146 4019 224 4054 trum
234 4023 248 4051 n
270 4003 400 4055 clauditur
410 4002 591 4072 antiquissima
602 4004 648 4055 do·
703 4005 863 4075 cryphorum
877 4004 1018 4056 librorum:
1036 4003 1119 4072 prima
1136 4018 1210 4053 men·

144 4087 244 4156 aologia
257 4103 325 4158 quae
343 4087 397 4140 iam
417 4104 431 4138 a
451 4087 547 4138 Pnuto
563 4087 593 4154 (l.
612 4088 648 4154 c.)
702 4089 740 4142 tio
759 4089 871 4142 occurrit
891 4088 919 4140 in
938 4087 1087 4139 Asrrnsione
1111 4085 1210 4137 Esuirte.

144 4169 264 4223 innuitur.
284 4171 499 4242 Attendegraece
511 4187 557 4240 pro
570 4188 649 4242 egra·
737 4173 780 4238 (4)
799 4171 901 4223 Graece
917 4171 961 4222 sci.
978 4173 1070 4234 1:10,
1089 4172 1139 4224 H:
1150 4169 1173 4220 8.
