3172 5044
303 437 321 501 8
719 453 959 499 suoceoousun

309 649 578 747 ‹respondens-
611 674 655 721 ac
688 645 882 745 proposito
909 645 1125 744 paczficus»
1169 645 1270 718 visus
1299 662 1364 718 est.

308 776 476 871 «Neque
495 770 585 848 vero
599 775 649 846 ad
663 770 760 845 Vict.
783 787 939 857 tantum,
963 771 1031 845 sed
1050 771 1099 845 ad
1119 770 1258 843 multos
1276 769 1369 843 alios

308 898 582 973 aecclesiarum
612 896 798 970 antistites
826 897 875 969 de
902 895 1047 993 agitata
1071 895 1293 992 quaestione
1315 879 1368 967 lit-

308 1039 440 1096 ‹teras
469 1023 504 1096 in
535 1021 708 1096 eamdem
737 1021 962 1095 sententiam
992 1019 1121 1092 misit»
1145 1019 1211 1115 (ib.
1231 1045 1262 1092 c.
1288 1022 1365 1115 24).

381 1148 441 1220 Ex
478 1148 624 1245 quibus,
659 1163 804 1219 tantum
842 1145 941 1219 vitae
970 1144 1015 1217 Ir.
1055 1145 1191 1241 lapsus
1229 1144 1292 1241 qui
1320 1144 1367 1216 ab

300 1297 333 1346 a.
362 1290 433 1364 177
453 1272 502 1344 ad
523 1294 591 1363 191
616 1268 789 1353 decurrit,
812 1271 1074 1366 quadantenus
1093 1263 1368 1340 inlustraturz<¹>

301 1413 427 1468 cetera
445 1395 572 1468 omnia
591 1394 751 1467 obscura
770 1410 858 1466 sunt
876 1419 921 1468 ac
940 1391 1144 1466 innumeris
1164 1417 1286 1488 paene
1305 1392 1366 1464 ob-

300 1537 384 1593 ruta
406 1520 680 1593 controversiis.
731 1517 885 1604 Verum,
907 1545 1023 1616 quum
1051 1519 1100 1590 de
1118 1541 1166 1590 eo
1185 1515 1367 1612 scriptore

300 1669 360 1718 res
377 1643 484 1717 nobis
499 1659 645 1743 agatur,
662 1643 725 1740 qui
742 1644 966 1717 christianae
981 1642 1211 1739 antiquitatis
1226 1641 1367 1738 primus

299 1767 356 1853 sit,
387 1783 426 1842 et
445 1793 466 1840 e
485 1767 700 1865 potissimis,
722 1768 839 1853 testis,
857 1793 901 1840 ac
921 1784 1121 1864 propterea
1136 1791 1185 1839 ex
1205 1765 1263 1838 his
1277 1762 1368 1862 ipsis

300 1879 563 1966 controversiis
590 1891 717 1990 plures
736 1891 840 1975 aliae,
863 1891 1085 1988 praesertim
1103 1915 1202 1986 quae
1220 1891 1268 1962 ad
1287 1913 1367 1962 rem

297 2015 472 2092 biblicam
501 2034 539 2091 et
576 2016 624 2090 ad
659 2016 853 2090 historiam
887 2016 1088 2113 pertinent,
1117 2017 1240 2089 lucem
1274 2014 1367 2088 acci-

297 2139 412 2235 piant,
425 2139 586 2236 pretium
601 2165 692 2213 sane
707 2139 831 2237 operis
842 2165 1040 2213 censemus
1059 2139 1213 2212 easdem
1234 2136 1366 2211 saltem

299 2263 464 2339 innuere.

377 2386 439 2459 De
460 2389 595 2483 patria
623 2388 667 2460 Ir.
700 2411 773 2459 non
795 2385 920 2485 gravis
939 2403 997 2460 est
1016 2386 1217 2461 dissensus.
1270 2387 1366 2459 Fere

297 2508 396 2583 enim
425 2511 522 2584 inter
549 2537 681 2585 omnes
709 2511 821 2584 hodie
849 2512 1025 2585 convenit
1053 2537 1100 2584 ex
1133 2511 1249 2584 Asiae
1277 2522 1366 2607 pro-

297 2637 422 2708 vz'naz'a
449 2635 637 2711 Graecum
666 2636 873 2709 exstitisse:
903 2637 1005 2733 quod
1035 2637 1172 2709 nedum
1201 2635 1363 2716 nomine,

298 2760 436 2833 nedum
464 2760 603 2859 lingua,
634 2785 709 2858 qua
738 2761 862 2843 utitur,
892 2785 1022 2835 verum
1052 2761 1215 2834 maxime
1250 2759 1365 2857 ipsius

297 2884 510 2959 testimonio
538 2887 726 2959 suadetur.
784 2885 926 2959 Pluries
946 2885 1046 2958 enim
1068 2911 1137 2958 nos
1156 2884 1278 2970 docet,
1310 2911 1361 2969 se,

297 3025 366 3092 παῖς
388 3017 429 3080 ὢν
452 3017 553 3097 itast)
576 3017 609 3081 ἐν
631 3027 668 3100 τῇ
692 3016 794 3101 πρώτῃ
816 3017 920 3101 ἡλικίᾳ
934 3015 969 3068 (3)
994 3009 1106 3084 fuisse
1137 3017 1170 3080 ἐν
1204 3027 1243 3100 τῇ
1279 3017 1364 3101 airas

297 3137 435 3223 ’Aolaffl
463 3149 503 3205 et
530 3133 682 3230 quidem
713 3133 775 3206 ubi
804 3133 932 3207 videre
961 3134 1145 3231 potuisset
1173 3133 1364 3206 Florinum

296 3265 380 3347 παρὰ
391 3262 603 3348 Πολὺκαρπον,
619 3272 657 3329 et
671 3257 770 3330 hunc
785 3257 898 3330 etiam
914 3258 1132 3354 episcopum
1150 3257 1289 3342 audire,
1303 3253 1364 3308 (Η)

298 3407 433 3479 nempe
457 3381 494 3454 in
516 3383 693 3478 Smyrna.
743 3381 961 3478 Suspicetur
979 3383 1063 3478 quis
1082 3406 1166 3455 cum
1186 3381 1317 3454 Abbot
1330 3377 1363 3430 (⁴)

366 3569 409 3638 (1)
423 3569 479 3622 Nec
492 3570 567 3640 plura
579 3568 632 3622 suis
647 3568 811 3640 temporibus
826 3585 905 3623 nosse
924 3570 1027 3623 videtur
1044 3569 1230 3623 Hmaoutuus
1246 3567 1299 3640 [Da
1312 3569 1363 3622 vir.

295 3651 339 3704 inl.
362 3653 416 3722 35].
453 3651 527 3715 Quin
545 3654 627 3707 etiam
646 3651 791 3725 Gregorius
809 3653 845 3706 M.
865 3654 989 3725 episcopo
1009 3653 1173 3724 Lugdunensi
1190 3655 1257 3708 haec
1274 3653 1365 3706 scisci·

294 3738 363 3790 tanti
381 3737 500 3791 rescribit
519 3739 552 3790 Ir.
571 3741 667 3810 scripta
686 3742 729 3794 vel
747 3753 806 3794 acta
821 3741 866 3794 diu
879 3740 997 3811 quaesita
1010 3739 1103 3793 nullibi
1121 3739 1236 3810 reperire
1248 3738 1364 3810 potuisse

299 3820 335 3890 [Ε
368 3819 538 3892 .l.Xl,56].

332 3831 411 3976 pp(2)
429 3905 476 3978 Ep.
495 3907 529 3958 ad
547 3905 644 3958 Floria.
665 3906 734 3976 apud
752 3905 848 3959 Eusea.
867 3906 903 3960 H.
923 3904 953 3958 E.
973 3905 1007 3972 V,
1028 3921 1069 3960 20.

368 3995 410 4066 (3)
430 3993 497 4049 Δάν.
512 3995 604 4048 barras.
617 3993 664 4062 ΙΙΙ,
677 4009 715 4060 111,
730 4009 755 4060 4.
792 3993 846 4048 Csr.
869 3993 966 4048 Eusaa.
983 3995 1018 4050 H.
1035 3994 1066 4051 E.
1079 3993 1113 4061 V,
1131 4009 1159 4062 5;
1174 3995 1294 4050 Htsnon.
1307 3996 1324 4050 1.
1337 4013 1362 4048 c.

366 4081 409 4150 (4)
428 4079 505 4132 Notas
532 4097 564 4131 an
590 4095 656 4132 soma
677 4088 797 4150 passages
821 4081 848 4130 ia
875 4078 1026 4150 Lightsoat’s
1056 4079 1165 4134 Biblical
1191 4097 1273 4151 essays
1298 4079 1363 4149 [lla

298 4163 378 4219 Class.
399 4165 457 4219 Rea.
482 4165 558 4236 1895,
578 4165 638 4236 Jun.
658 4183 683 4236 p.
703 4176 755 4232 254
768 4163 845 4235 sqq.].
876 4164 910 4216 lr.
928 4165 1036 4237 Syrum,
1057 4167 1100 4220 vel
1113 4167 1208 4219 saltem
1226 4183 1260 4219 cx
1277 4177 1364 4220 matre
