3172 5044
354 463 391 548 58
766 481 1005 526 uuotsooutun

353 583 1104 592 ——-—.-—-——..h—.—-——--.
1165 585 1258 590 -η-
1283 586 1308 590 --
1340 587 1379 592 —

348 684 549 756 enutritam
559 700 1010 758 carnemresurrecturam
1019 683 1211 782 praedicet
1221 683 1301 780 (IV,
1313 709 1324 755 1
1335 687 1371 768 8,
1384 707 1419 776 5;

348 808 392 893 V,
419 833 450 891 2,
476 803 573 910 3(¹>)‚
590 807 626 878 in
647 832 722 904 qua
742 809 1032 906 comparatione.
1056 807 1416 894 transubstantiatio

345 933 581 1029 aliquatenus
623 931 842 1029 indigitatur
879 934 960 1028 (cfr.
1002 950 1039 1005 et
1081 931 1260 1030 prestigia
1298 934 1420 1007 Marci

346 1058 455 1129 huius
484 1056 569 1130 fidei
599 1073 742 1129 certum
780 1057 1034 1130 testimonium
1064 1059 1089 1142 1,
1127 1055 1203 1160 14).
1271 1057 1420 1131 Sacrifi-

345 1181 442 1254 cium
481 1183 632 1254 demum
672 1207 754 1253 esse
784 1181 1056 1256 Eucharistiam
1096 1183 1264 1279 pluribus
1295 1198 1333 1255 et
1366 1209 1417 1255 ex

343 1307 514 1405 professo
543 1307 591 1379 ab
620 1329 667 1378 eo
695 1305 877 1379 evincitur
897 1307 977 1402 (IV,
1008 1303 1160 1407 17-18).
1219 1307 1417 1380 Poeniten-

343 1431 395 1503 tia
414 1456 480 1504 seu
501 1431 780 1527 exomologesis
799 1431 856 1503 bis
875 1431 1008 1504 saltem
1028 1432 1213 1504 indicatur
1234 1432 1276 1526 (1,
1302 1455 1358 1524 13,
1376 1453 1415 1522 7;

345 1557 368 1640 Ι,
390 1561 423 1639 6,
445 1554 506 1658 3):
537 1571 575 1628 at
594 1581 662 1651 per
680 1570 921 1628 transennam
951 1571 1065 1652 atque
1094 1581 1139 1630 ea
1167 1557 1311 1629 ratione
1339 1581 1418 1652 qua

343 1681 391 1752 de
421 1681 532 1752 rebus
560 1677 733 1752 omnibus
763 1679 860 1751 notis
888 1679 950 1777 agi
981 1681 1086 1752 solet.

423 1804 555 1877 Paucis
582 1805 734 1876 demum
763 1803 985 1902 attingenda
1018 1830 1114 1900 quae
1147 1805 1196 1878 ad
1224 1807 1416 1881 eschatolo·

336 1931 446 2026 giam
476 1929 686 2002 referuntur
704 1955 876 2026 quaeque
898 1929 1075 2002 latissime
1096 1930 1244 2027 integro
1266 1931 1299 2000 V
1318 1931 1416 2006 libro

340 2069 625 2151 pertractantur.
683 2053 812 2125 Aurea
847 2053 998 2149 quidem
1038 2069 1123 2126 sunt
1161 2053 1276 2127 multa
1314 2082 1415 2152 quae

340 2177 478 2251 ibidem
499 2179 545 2250 de
567 2202 766 2274 corporum
795 2177 1067 2250 resurrectione
1099 2177 1162 2274 (V,
1185 2203 1217 2272 3,
1242 2183 1305 2276 16)
1326 2206 1414 2253 con-

340 2318 396 2374 tra
425 2301 639 2384 Gnosticos,
671 2327 821 2374 carnem
850 2319 1040 2398 tamquam
1070 2302 1240 2375 absolute
1275 2305 1412 2376 malam

339 2426 600 2522 despicientes,
632 2425 813 2522 disputat:
853 2426 949 2498 hanc
977 2451 1067 2498 vero
1098 2427 1413 2500 resurrectionem

339 2549 476 2646 duplici
515 2567 686 2646 tempore
721 2549 987 2646 perficiendam
1024 2550 1152 2624 docet:
1194 2576 1279 2622 nam
1322 2568 1414 2624 ante

339 2675 700 2747 consummationem
744 2689 956 2770 temporum
993 2674 1248 2746 Antichristus
1285 2675 1413 2771 (cuius

339 2824 475 2871 nomen
506 2798 723 2896 investigari
753 2801 936 2895 prohibet,
970 2799 1015 2883 V,
1040 2801 1106 2896 30)
1137 2825 1221 2871 cum
1250 2800 1326 2872 suis
1357 2827 1411 2874 re-

337 2923 470 3019 gnabit
489 2923 597 2995 annis
617 2921 735 2996 tribus
754 2941 792 2996 et
812 2924 1002 2996 mensibus
1031 2923 1167 2996 tribus:
1207 2941 1327 2996 «tunc
1348 2951 1411 2998 ve-

345 3048 455 3119 ‹niet
475 3025 661 3120 Dominus
690 3049 736 3120 de
767 3049 880 3121 coelis
909 3047 945 3120 in
971 3047 1142 3130 nubibus,
1174 3049 1338 3121 illum...
1372 3051 1409 3122 in

345 3188 552 3268 «stagnum
582 3172 680 3267 ignis
710 3172 876 3244 mittens:
916 3173 1108 3246 adducens
1145 3189 1271 3246 autem
1302 3174 1409 3247 iustis

345 3297 482 3394 «regni
514 3315 693 3392 tempora,
726 3299 922 3394 septimam
960 3297 1059 3370 diem
1096 3297 1400 3370 sanctificatam»

335 3419 399 3523 (V,
414 3444 473 3513 3ο,
491 3446 526 3502 2;
542 3445 561 3512 3
571 3418 619 3521 5).
678 3421 895 3518 Resurgent
911 3447 1046 3519 nempe
1061 3421 1098 3492 hi
1114 3447 1247 3494 omnes
1262 3447 1304 3494 ac
1321 3447 1406 3494 cum

336 3546 502 3617 Domino
531 3544 566 3616 in
597 3545 809 3632 ierusalem,
831 3563 930 3617 terra
958 3547 1006 3618 ad
1036 3546 1165 3618 miram
1195 3547 1406 3620 ubertatem

337 3671 558 3768 (chiliastice
595 3672 838 3770 descriptam)
880 3672 1122 3745 fructificante
1156 3669 1221 3773 (V,
1254 3697 1314 3765 33,
1351 3677 1403 3769 2),

336 3797 548 3894 regnabunt
577 3796 675 3868 mille
708 3797 815 3869 annis
843 3795 1089 3893 «centuplum
1124 3797 1186 3868 sci.
1222 3795 1406 3893 accipien-

344 3939 432 3993 «tes
461 3921 505 3993 in
535 3920 622 3993 hoc
658 3922 888 3993 saeculo»
925 3917 987 4024 (V,
1014 3921 1179 4018 3o):his
1208 3921 1407 3994 transactis

408 4122 448 4180 (r)
468 4114 508 4166 Dc
527 4114 640 4166 coelebri
660 4114 719 4164 illo:
743 4117 822 4179 ἀρτος
850 4117 1116 4180 προσλαμβανόμενος
1140 4118 1199 4181 τὴν
1223 4116 1406 4181 ἐπίκλησιν

334 4205 391 4254 τοῦ
412 4204 475 4254 θεοῦ
495 4205 584 4255 obusti
597 4205 685 4266 κοινὸς
698 4205 776 4273 ἄρτος
796 4207 874 4264 ἐστὶν,
895 4204 955 4253 ἀλλ’
968 4207 1130 4270 εὐχαριστία,
1145 4219 1192 4255 suo
1205 4203 1264 4255 loco
1276 4203 1406 4256 dicemus.
