3230 5062
352 441 411 507 168
636 459 765 506 unuln
789 457 949 505 ADVERSUS
972 455 1128 503 aurursus
1278 451 1346 522 [XII
1365 465 1416 520 3=4

416 676 444 741 3.
465 654 569 746 [WH.
591 655 645 734 VI,
663 654 708 745 ²l·
756 655 856 736 Quae
876 673 932 720 asr
951 654 1236 722 Consumsuonun
1251 672 1292 718 aa
1306 651 1415 716 Murem

348 761 557 828 uocarunt>
591 761 772 844 Quiautem
784 757 1002 848 prudentiores
1013 775 1160 847 putantur
1168 757 1294 824 illorum
1304 755 1418 838 esse,(²>

347 869 482 956 primam
499 869 733 934 octonarionem
750 890 814 933 non
830 866 995 954 gradatim,
1011 865 1144 932 alterum
1166 863 1205 931 ab
1220 863 1317 930 altero
1333 865 1419 929 Aeo-

349 996 423 1040 nem
446 975 599 1040 emissum
618 971 736 1055 dicunt,
755 973 809 1040 sed
834 972 928 1039 simul
947 989 977 1038 et
993 973 1025 1039 in
1042 995 1141 1038 unum
1158 973 1306 1038 Aeonum
1322 971 1419 1036 emis-

349 1079 471 1145 sionem
495 1101 513 1144 a
536 1079 706 1167 Propatore
725 1095 755 1146 et
774 1079 902 1145 Ennoea
925 1079 992 1144 eius
1016 1078 1132 1168 (quum
1151 1093 1339 1157 crearentur,
1358 1077 1419 1164 ipsi

348 1184 565 1252 obstetricasse
583 1208 627 1266 se,
647 1184 831 1274 affirmant).
839 1185 872 1237 (³)
917 1185 1038 1251 Etiam
1058 1207 1122 1251 non
1141 1207 1179 1250 ex
1198 1184 1289 1272 Logo
1309 1199 1338 1249 et
1355 1184 1418 1249 Zoe

348 1290 537 1378 Anthropon
552 1307 582 1358 et
597 1291 782 1372 Ecclesiam,
802 1291 855 1358 sed
871 1316 910 1359 ex
924 1291 1092 1379 Anthropo
1108 1307 1139 1357 et
1151 1290 1289 1357 Ecclesia
1305 1290 1418 1377 Logon

348 1416 380 1466 et
395 1400 479 1465 Zoen
492 1399 598 1466 dicunt
610 1415 785 1488 generatos,
802 1401 834 1466 in
850 1400 934 1466 hunc
954 1398 1087 1466 modum
1105 1397 1261 1466 dicentes:
1280 1395 1419 1480 Quando

349 1507 497 1594 cogitavit
520 1506 634 1594 aliquid
658 1508 801 1574 emittere
816 1508 980 1594 Propator,
1004 1505 1066 1572 hoc
1089 1505 1181 1571 Pater
1203 1520 1334 1571 vocatus
1356 1519 1419 1585 est;

349 1629 379 1678 at
402 1612 455 1679 ubi
478 1635 557 1700 quae
579 1613 685 1679 emisit
706 1635 780 1678 vera
804 1611 940 1693 fuerunt,
964 1611 1025 1679 hoc
1050 1611 1175 1678 Alethia
1194 1627 1343 1678 vocatum
1360 1627 1419 1677 est.

350 1718 463 1801 Quum
489 1735 594 1784 autem
618 1718 719 1784 voluit
743 1719 948 1806 semetipsum
965 1715 1140 1800 ostendere,
1157 1717 1217 1783 hoc
1235 1716 1420 1805 Anthropos

349 1824 450 1892 dictus
462 1842 519 1890 est.
565 1826 660 1907 Quos
675 1843 780 1891 antem
792 1825 1068 1914 praecogitaverat,
1084 1839 1288 1912 posteaquam
1303 1825 1420 1905 emisit,

419 2074 448 2139 3.
470 2104 544 2120 ....
569 2057 622 2138 τὴν
640 2053 759 2139 πρώτην
778 2054 921 2139 ogdoada,
942 2056 977 2118 οὐ
996 2052 1072 2118 καθ’
1086 2053 1230 2139 ὑπόβασιν
1250 2053 1343 2116 ἀλλον
1361 2053 1420 2115 ὑπὸ

349 2160 448 2226 ἄλλου
461 2161 567 2225 Atura
577 2160 814 2247 προβεβλῆσθαι,
830 2158 899 2224 ἀλλ’
914 2161 989 2246 ὁμοῦ
1002 2162 1055 2224 καὶ
1068 2158 1205 2250 εἰςοὶππξ
1220 2161 1274 2244 τὴν
1289 2166 1346 2222 τῶν
1360 2157 1421 2241 (ἓξ)

351 2267 475 2333 Αἰὼνων
494 2267 643 2354 προβολὴν
661 2269 719 2331 ὑπὸ
738 2276 791 2332 τοῦ
811 2267 1009 2353 Προπὰτορος
1027 2271 1079 2330 καὶ
1097 2276 1150 2352 τῆς
1169 2265 1305 2342 Ἐννοίας
1328 2268 1421 2330 αὐτοῦ

350 2372 505 2458 τετέχθαι,
522 2374 562 2452 ὡς
577 2377 666 2450 αὐτὸς
681 2374 898 2458 μοιυσὰμενος,
916 2372 1144 2459 διαβεβαιοῦται.
1193 2372 1256 2437 Καὶ
1269 2370 1369 2436 οὐκέτι
1383 2370 1422 2435 ἐκ

351 2478 455 2565 Λόγου
465 2483 519 2544 καὶ
529 2481 616 2564 Ζωης
625 2479 810 2564 Ἄνθρωπον
821 2481 875 2544 καὶ
885 2477 1137 2564 ’stolonum
1149 2479 1177 2542 οἱ
1188 2479 1305 2562 ἀλλοι)’
1317 2476 1421 2554 ἀλλ’ἐξ

350 2584 544 2672 Ἀνθρώπου,
557 2589 609 2650 καὶ
621 2585 810 2670 Ἐκκλησίας
826 2585 925 2672 Λόγον
936 2587 990 2649 καὶ
1001 2585 1088 2670 Ζωήν
1100 2607 1172 2668 φασι
1183 2584 1329 2671 τετέχθαι
1341 2584 1422 2647 ἀλλὰ

350 2695 403 2757 καὶ
418 2691 510 2779 ἑτέρῳ
523 2692 623 2776 τρόπῳ
639 2702 726 2756 τοῦτο
744 2691 900 2778 λέγουσιν·
917 2695 962 2756 ὅτι
975 2695 1051 2777 ὅπερ
1066 2691 1213 2776 ἑνενοήθη
1230 2691 1391 2778 προβαλεῖν
1404 2691 1422 2754 ὁ

352 2800 532 2884 Προπάτωρ,
549 2809 637 2864 τοῦτο
652 2799 759 2882 Πατὴρ
774 2799 911 2885 ἐκλήθη·
929 2799 1033 2884 ἐπειδὴ
1046 2798 1421 2884 marmaritanorum

351 2909 398 2992 ἢν,
411 2918 499 2973 τοῦτο
509 2907 666 2992 Ἀλήθεια
677 2907 859 2993 ὠνομᾶοθη·
871 2909 921 2971 ὅτε
934 2907 985 2970 οὑν
997 2904 1151 2990 ἠθέλησεν
1163 2904 1303 2982 ἐπιδεῖξαι
1315 2905 1422 2968 ἑαυτὸν

352 3023 451 3095 τοῦτο,
463 3013 648 3100 Ἀνθρωπος
663 3013 800 3099 ἐλέχθη
847 3017 899 3091 οὓς
914 3015 947 3078 δὲ
961 3012 1180 3098 προελογίσατο
1195 3015 1246 3077 ὅτε
1261 3011 1421 3097 προέβαλε,
1443 3013 1447 3025 ’

390 3259 432 3322 (ι)
448 3255 511 3308 Mss,
529 3257 542 3325 §
558 3271 575 3321 4
594 3256 753 3309 interserunt
769 3255 861 3308 inscri-
915 3254 1051 3310 Sententia
1071 3266 1160 3309 autem
1179 3256 1266 3326 magis
1281 3256 1422 3327 psycholo·

355 3339 490 3411 prionem:
504 3340 613 3402 «Quae
633 3353 682 3391 esr
704 3354 863 3392 couvrusn·
915 3340 974 3410 gica
993 3339 1106 3404 videtur,
1127 3357 1158 3394 ac
1177 3357 1210 3393 ex
1228 3339 1422 3410 Scripturarum

358 3438 429 3476 «mo
449 3439 569 3476 irsouusr
582 3437 616 3476 ar
637 3438 711 3482 Quare
725 3438 861 3476 esrrtnu-
915 3427 1020 3494 exegesi
1039 3424 1167 3495 singulari
1176 3435 1276 3478 exorta.
1314 3424 1381 3476 Huic
1396 3434 1422 3476 et

358 3522 466 3560 ‹cnarto
486 3522 568 3560 vrran
587 3507 666 3578 cplm.
686 3506 736 3578 VII
746 3526 772 3570 υ,
788 3507 862 3560 seda
915 3509 1089 3562 modalismus
1108 3509 1214 3564 SabelIII
1233 3508 1342 3562 accedit.

354 3591 416 3644 sede
430 3592 541 3654 aberrat,
554 3608 643 3661 quam,
654 3592 774 3656 arbitror,
788 3608 862 3644 com·
952 3594 994 3660 (3)
1013 3592 1085 3646 Haec
1104 3593 1176 3647 addit
1190 3592 1223 3646 Ir.
1235 3604 1264 3646 ut
1277 3609 1309 3646 ea
1322 3592 1423 3664 graecis

354 3676 468 3728 mutavit
481 3692 543 3728 cum
556 3692 586 3729 ea
600 3692 667 3745 quae
677 3675 754 3728 initio
765 3693 786 3728 c.
798 3675 861 3727 XIII
916 3678 1082 3748 perspicuum
1095 3675 1132 3730 fit.
1170 3677 1199 3730 Id
1212 3689 1266 3730 est:
1279 3677 1328 3747 ipsi
1336 3675 1423 3744 (Gno-

355 3759 420 3812 item
434 3760 461 3811 in
473 3759 549 3812 codd.
565 3759 676 3830 legitur:
696 3759 800 3821 «Quat
814 3774 862 3811 nsr
916 3761 988 3827 stici)
999 3760 1111 3814 fidenter
1122 3761 1188 3815 haec
1203 3759 1337 3814 affirmant
1350 3759 1422 3831 quasi

360 3844 627 3897 «Cotanuasnonun
646 3859 680 3896 nr
699 3844 792 3897 Manet
811 3859 862 3897 uo·
917 3845 965 3916 ipsi
992 3846 1131 3916 Propatori
1159 3857 1185 3898 et
1218 3844 1344 3898 Ennoeae
1377 3845 1422 3898 on

359 3949 372 3979 «
383 3945 484 3983 cantur
495 3927 656 3999 cplmVlI».
683 3928 736 3982 Cir.
745 3941 799 3982 not.
808 3946 862 4000 seq.
917 3929 1051 3982 sterricum
1072 3944 1183 3981 munere
1197 3926 1281 3981 functi
1305 3926 1423 3992 fuissent,

392 4017 432 4082 (2)
445 4014 517 4067 Haec
530 4014 620 4066 omnia
633 4014 681 4066 sub
694 4013 803 4066 nomine
814 4013 862 4066 Co·
916 4030 998 4084 quum
1015 4013 1120 4066 Aeones
1138 4013 1304 4066 crearentur!
1340 4012 1423 4065 Inter-

355 4097 525 4151 Iarbuseorum
545 4097 637 4166 (Horr.
669 4110 710 4165 35,
735 4098 761 4166 1)
783 4095 862 4151 refert
917 4113 976 4168 pres
1001 4097 1070 4149 male
1095 4095 1188 4150 reddit.
1231 4095 1285 4148 Csr.
1310 4095 1424 4166 idipsum

356 4181 460 4236 Erum:
480 4183 572 4235 alludit
588 4182 701 4236 adhaec
720 4181 805 4235 Tnnr.
822 4180 861 4250 36.
917 4179 1032 4252 apertius
1051 4179 1085 4247 ΙΙ,
1106 4180 1149 4246 28,
1169 4179 1185 4233 6
1204 4179 1249 4232 fin.
