3288 5060
220 527 293 596 (xx,
310 527 359 596 aa]
642 527 732 574 arsen
756 526 870 573 paruus
1227 517 1267 571 ao
1273 525 1287 590 5

218 722 358 788 dicentes
382 719 499 788 sactum
528 743 601 786 eum
625 718 663 786 ad
686 716 727 800 id,
756 736 791 784 ut
813 719 906 786 ducat
937 741 989 784 eas
1020 741 1098 807 quae
1133 719 1290 805 perierunt

218 830 339 895 animas
362 851 378 892 a
402 825 523 894 mundo
547 825 583 894 ad
607 827 791 914 principem.
843 825 881 890 Et
900 823 983 891 hunc
1006 823 1114 892 dicunt
1137 847 1205 890 esse
1227 825 1290 912 pri-

219 958 309 1001 mum
335 957 372 1000 ex
398 932 508 999 mundi
528 930 773 1012 fabricatoribus,
799 947 829 997 et
852 930 942 998 illum
969 931 1288 1018 alteroange10,qui

220 1043 375 1107 ministrat
405 1041 445 1120 ei,
478 1037 599 1106 tradere
622 1039 698 1104 tales
729 1038 859 1119 animas,
883 1040 927 1105 uti
950 1037 982 1103 in
1006 1037 1063 1103 alia
1087 1059 1218 1125 corpora
1241 1038 1289 1102 in·

218 1146 337 1213 cludat:
362 1150 476 1234 corpus
507 1146 590 1212 enim
619 1143 726 1211 dicunt
756 1167 824 1210 esse
855 1166 1023 1210 carcerem.
1071 1143 1109 1209 Et
1142 1141 1172 1210 id
1204 1141 1287 1230 quod
1340 1199 1341 1202 ,

219 1254 277 1319 ait:
306 1281 321 1316 ιι
338 1253 414 1320 Non
434 1253 518 1318 exies
536 1249 619 1330 inde,
635 1249 838 1339 quoadusque
853 1251 1065 1316 novissimum
1083 1249 1286 1339 quadrantem
1399 1247 1403 1255 ’

224 1357 405 1440 «reddas»,
429 1359 679 1446 interpretantur,
702 1357 789 1446 quasi
813 1379 878 1423 non
897 1372 985 1422 exeat
1003 1358 1072 1445 quis
1096 1380 1113 1421 a
1136 1373 1287 1444 potestate

219 1462 405 1550 angelorum
422 1459 544 1541 eorum,
556 1462 611 1549 qui
627 1461 781 1526 mundum
798 1459 1039 1540 fabricaverunt3
1056 1459 1109 1526 sed
1127 1462 1171 1526 sic
1188 1476 1287 1526 trans·

219 1583 421 1657 corporatum
454 1567 630 1656 semper,(¹>
655 1564 858 1656 quoadusque
882 1567 914 1632 in
938 1567 1026 1632 omni
1053 1568 1186 1633 omnino
1213 1590 1288 1654 ope-

219 1677 349 1757 ratione,
371 1697 450 1763 quae
473 1675 506 1740 in
533 1673 653 1741 mundo
677 1690 734 1755 est,
745 1673 778 1726 (²)
801 1672 871 1738 fiat:
895 1690 927 1739 et
944 1695 1043 1760 quum
1059 1671 1135 1740 nihil
1155 1671 1287 1740 defuerit

218 1783 256 1861 ei,
288 1797 356 1848 tum
390 1779 551 1848 liberatam
582 1781 648 1847 eius
679 1781 817 1846 animam
845 1777 967 1846 elibrari
990 1779 1027 1847 ad
1056 1779 1146 1848 illum
1169 1780 1285 1861 Deum,

217 1887 269 1974 qui
300 1904 346 1953 est
370 1909 462 1974 supra
485 1886 613 1975 angelos
637 1883 747 1952 mundi
772 1884 985 1964 fabricatores3
1010 1887 1055 1952 sic
1078 1908 1203 1974 quoque
1225 1887 1287 1952 sal-

217 1995 281 2059 vari
317 2011 347 2060 et
371 2016 485 2060 omnes
514 1995 645 2073 animas,
670 1993 736 2059 sive
766 1993 850 2080 ipsae
873 2009 1135 2081 praeoccupantes
1158 1995 1191 2059 in
1221 2016 1285 2059 uno

217 2099 352 2166 adventu
376 2101 409 2166 in
432 2097 580 2166 omnibus
604 2100 794 2166 misceantur
809 2098 1052 2186 operationibus,
1069 2100 1135 2164 sive
1157 2099 1196 2165 de
1215 2121 1285 2165 cor·

218 2228 292 2293 pore
318 2207 351 2271 in
374 2227 489 2292 corpus
512 2207 781 2300 transmigrantes,
796 2204 846 2271 vel
865 2206 1026 2270 immissae
1049 2206 1083 2271 in
1102 2227 1284 2293 unaquaque

283 2423 313 2485 4.
329 2400 383 2479 Εἰς
397 2411 540 2466 τοσοῦτον
563 2402 596 2466 δὲ
619 2401 925 2487 μετενσωματοῦσθαι
938 2401 1089 2486 φάσκουσι
1103 2405 1156 2478 τὰς
1171 2373 1291 2487 ψυχάς,ρ

215 2509 285 2572 δσον
303 2507 402 2572 πάντα
418 2511 457 2572 τὰ
474 2507 676 2593 ἁμαρτήματα
694 2506 907 2591 πληρώσωσιν·
928 2509 999 2572 ὅταν
1017 2508 1051 2572 δὲ
1070 2509 1163 2593 μηδὲν
1182 2507 1229 2572 λεί
1273 2559 1282 2590 ,

214 2611 281 2678 τότε
304 2613 565 2699 ἐλευθερωθεῖσαν
592 2613 805 2699 ἀπαλλαγῆναι
828 2617 902 2699 πρὸς
927 2614 1041 2679 ἐκεῖνον
1068 2619 1118 2679 τὸν
1146 2614 1282 2698 ὑπεράνω

212 2731 271 2784 τῶν
293 2729 485 2805 κοσμοποιῶν
507 2718 644 2805 ἀγγέλων
667 2717 756 2802 Θεὸν,
775 2722 827 2783 καὶ
845 2723 937 2797 οὕτως
959 2721 1161 2805 σωθήσεσθαι
1183 2720 1282 2796 πάσας

213 2830 266 2904 τὰς
281 2827 390 2912 ψυχάς.
438 2826 477 2891 Εἴ
490 2848 567 2903 τινες
588 2827 622 2890 δὲ
645 2825 805 2910 φθάσασαι
821 2826 852 2891 ἑν
868 2836 922 2912 μιᾷ
940 2827 1089 2912 παρουσίᾳ
1103 2829 1281 2912 ἀναμιγῆναι

213 2933 324 3009 atcere
346 2931 503 3017 ἁμαρτίαις
525 2930 626 2996 οὐκέτι
653 2943 960 3017 μετενσωματοῡνται,
984 2933 1064 2996 ἀλλά
1086 2933 1184 2997 πάντα
1206 2934 1281 3017 δμοῢ

216 3153 400 3214 σαοτροιφῶοιν
419 3151 456 3212 εἰς
472 3151 582 3213 σώματα
596 3150 675 3200 πάλιν
694 3152 722 3200 αἱ
774 3153 806 3202 τὸ
829 3153 942 3216 ἀπάγειν
966 3153 1013 3214 τὰς
1036 3153 1125 3216 ψυχὰς
1148 3153 1212 3215 πρὸς
1236 3153 1282 3203 τὸν

215 3231 351 3299 ψυχαί...
381 3235 446 3298 ὅπερ
471 3236 486 3285 δ
509 3237 603 3300 Ιησοῦς
631 3237 659 3285 ἀν
683 3240 720 3299 τῷ
774 3237 925 3303 κριτήν...
941 3237 988 3297 τὰς
1003 3236 1129 3288 ἐντεῦθεν
1142 3235 1283 3302 ἐξερχομέ-

216 3315 326 3382 ’Euam¹
346 3321 404 3369 εῑπι
428 3321 471 3369 διὰ
493 3320 647 3388 παραβολῆς
667 3319 720 3368 δτι·
774 3335 821 3381 νοις
836 3321 869 3370 ἐκ
883 3322 1065 3384 σωμάτιον...
1084 3317 1282 3385 παραδίδοσθαι

215 3401 288 3452 'Iuba
306 3403 405 3453 εὐνοῶν
423 3409 460 3468 τῷ
479 3404 604 3468 ἀντιδίκῳ
620 3403 676 3464 σοῦ,
692 3405 720 3454 ἐν
775 3405 805 3454 δὲ
819 3406 871 3454 ἀπὸ
883 3403 928 3454 τοῦ
938 3405 1068 3470 ἄρχοντος
1077 3410 1114 3470 τῷ
1128 3406 1280 3470 haspera...

218 3487 281 3550 ῷῇς
291 3487 319 3536 ἐν
332 3490 364 3550 τῇ
378 3487 432 3552 ὁδῷ
446 3487 503 3551 μετ’
513 3487 602 3548 αὐτοῦ,
613 3490 660 3538 καί
673 3489 720 3548 δὸς
774 3492 811 3550 εἰς
830 3490 861 3538 τὸ
882 3490 970 3557 φέρειν
983 3490 1072 3554 ψυχὰς
1084 3490 1172 3551 πάλιν,
1184 3493 1231 3541 καὶ
1243 3493 1281 3550 εἰς

218 3567 343 3633 ἐργασίαν
370 3571 549 3636 ἀπηλλάχθαι
572 3570 616 3621 ἀπ’
630 3571 719 3633 αὐτοῦ,
774 3575 884 3637 σώματα
912 3571 1085 3638 καταγγίζιιν
1113 3575 1244 3643 διάφορα.
1272 3614 1279 3626 .

213 3655 249 3718 μὴ
262 3658 318 3716 πιῑις
335 3655 350 3704 6
365 3655 498 3716 ἀντίδικος
512 3658 622 3724 παραδῷ
636 3670 666 3705 σε
681 3661 718 3720 τῷ
773 3659 838 3718 φασι
861 3659 913 3721 γάρ
938 3660 1005 3708 εἰναι
1028 3661 1076 3724 τὴν
1101 3659 1225 3727 φυλακὴν
1250 3663 1281 3710 τὸ

213 3743 289 3807 κριτῇ
301 3743 349 3790 και
361 3741 376 3791 ὁ
388 3743 480 3806 κριτὴς
489 3747 526 3806 τῷ
540 3742 662 3806 ὑπεράτῃ,
672 3745 719 3791 καὶ
773 3746 857 3806 σῶμα.
871 3770 905 3778 -
915 3740 1052 3794 Memento
1068 3744 1191 3806 διάβολον
1209 3743 1280 3794 idem

213 3824 370 3894 ὁὺπερὲτης
385 3825 472 3890 βάλλῃ
491 3841 521 3876 σε
540 3828 578 3887 εἰς
594 3826 717 3895 φυλακὴν
772 3840 829 3876 esse
848 3841 877 3875 ac
897 3825 1125 3878 calumniatorem.

213 3905 273 3974 [cet.
293 3919 322 3960 ut
340 3923 382 3978 ap.
397 3907 532 3978 Martia}
570 3911 624 3962 Καὶ
639 3911 717 3975 ιροὶσιν
807 3910 850 3976 (1)
869 3908 973 3978 Fragm.
994 3925 1081 3980 graec.
1101 3921 1140 3962 est
1159 3927 1191 3962 ex
1204 3909 1277 3962 Hn’e.

211 3995 278 4043 εῑνοιι
304 3994 349 4044 τὸν
377 3990 511 4045 ἀντίδικον
530 3995 641 4058 ἐκεῖνον,
664 4000 717 4046 τῶν
771 3991 832 4058 Vll,
856 4007 897 4060 32.

210 4078 256 4126 τὸν
274 4078 374 4141 κόσμον
388 4079 574 4143 πεποιηκότων
593 4080 717 4143 ἀγγέλων
806 4079 848 4146 (2)
868 4077 1072 4146 Euphemismus
1083 4078 1143 4141 irrt.;
1156 4089 1230 4130 verte
1240 4089 1278 4129 ta-

210 4160 299 4213 !vu...
320 4163 404 4226 ὄνομα
422 4163 530 4227 ἔχοντα,
550 4163 717 4225 διάβολον...
771 4161 1171 4232 men:opera!r'oueethnicorum.
1200 4161 1278 4232 Hipp.

210 4247 248 4306 εἰς
266 4246 331 4296 αὐτὸ
350 4245 428 4296 τοῦτο
443 4247 664 4298 κατασκιοοὶσθαι
679 4250 717 4308 εἰς
772 4247 884 4299 rotunde
903 4249 1105 4316 ἀμαρτήματοιε
1112 4253 1221 4317 peccatu.
