3238 5090
201 467 270 537 (XL,
284 468 387 538 3-XLI‚
403 469 450 538 1).]
603 468 694 515 LIBER
716 468 881 514 SECUNDUS
1210 467 1271 532 431

205 679 318 728 nantur
341 663 443 745 Patre,
466 663 544 729 nihil
567 680 682 751 aperte,
706 685 807 751 neque
831 663 897 750 ipsa
920 659 1067 742 dictione,
1090 685 1191 749 neque
1208 663 1275 728 sine

204 770 428 852 controversia,
452 771 486 836 in
504 769 588 836 nulla
611 770 745 835 omnino
768 766 889 835 dictum
913 771 952 834 sit
976 770 1146 856 Scriptura,
1166 785 1197 835 et
1215 770 1275 857 ipsi

203 891 354 943 testantur
372 876 522 952 dicentes,
546 877 578 943 in
595 875 750 942 absconso
773 875 849 941 haec
864 872 974 942 eadem
999 876 1194 942 Salvatorem
1218 875 1275 942 do-

203 983 305 1048 cuisse
330 1006 394 1048 non
418 1005 540 1063 onmes
565 982 618 1049 sed
643 981 765 1070 aliquos
797 980 1036 1069 discipulorum,
1059 983 1113 1069 qui
1145 999 1277 1069 possunt

204 1111 325 1176 capere,
349 1106 379 1155 et
395 1111 448 1176 per
464 1105 660 1176 argumenta,
679 1105 709 1154 et
727 1089 914 1176 aenigmata,
939 1104 970 1154 et
993 1087 1155 1177 parabolas
1179 1089 1277 1176 signi-

204 1197 294 1264 ficata
324 1195 580 1284 intelligentibus.
636 1195 776 1262 Veniunt
806 1211 912 1260 autem
942 1193 980 1261 ad
1009 1193 1081 1276 hoc,
1104 1211 1139 1261 ut
1162 1194 1277 1276 dicant,

205 1305 301 1370 aliurn
326 1303 454 1393 quidem
478 1326 547 1369 esse
564 1303 618 1391 qui
642 1299 835 1390 praedicatur
855 1302 953 1380 Deus,
972 1317 1003 1368 et
1022 1303 1119 1368 alium
1139 1302 1276 1382 Patrem,

206 1413 259 1501 qui
285 1434 339 1499 per
362 1408 523 1499 parabolas
547 1427 577 1477 et
601 1411 776 1498 aenigmata
801 1407 995 1496 significatur
1019 1409 1120 1475 Pater.

277 1539 305 1604 3.
331 1519 415 1599 Quia
438 1533 544 1584 autem
567 1515 730 1605 parabolae
747 1533 878 1605 possunt
896 1515 1009 1582 multas
1025 1517 1162 1604 recipere
1186 1514 1278 1582 abso-

208 1625 356 1704 lutiones
380 1647 417 1690 ex
433 1625 508 1711 ipsis
524 1622 562 1690 de
581 1623 783 1710 inquisitione
800 1623 860 1688 Dei
877 1619 1044 1701 affirmare,
1069 1621 1279 1709 relinquentes

196 1729 294 1818 quod
326 1745 448 1796 certum
478 1745 509 1794 et
540 1727 748 1795 indubitatum
773 1744 804 1794 et
825 1750 937 1794 verum
966 1744 1023 1807 est,
1048 1728 1137 1795 valde
1161 1731 1279 1816 praeci-

208 1835 374 1922 pitantium
398 1857 433 1900 se
455 1835 487 1899 in
511 1833 685 1920 periculum
705 1850 736 1899 et
754 1833 1013 1899 irrationabilium
1033 1855 1112 1913 esse,
1131 1834 1201 1920 quis
1215 1857 1277 1900 non

209 1942 384 2007 amantium
401 1941 562 2006 veritatem
584 1938 804 2007 confitebitur?
849 1940 889 2005 Et
904 1939 1058 2028 numquid
1074 1939 1135 2006 hoc
1152 1955 1198 2006 est
1214 1962 1279 2006 non

210 2050 243 2115 in
268 2064 352 2136 petra
375 2046 477 2128 firma,
501 2064 531 2112 et
561 2044 673 2128 valida,
707 2063 737 2115 et
772 2049 805 2113 in
839 2063 946 2134 aperto
981 2048 1092 2134 posita,
1116 2045 1279 2114 aedificare

211 2177 300 2220 suam
321 2151 465 2234 domum,
479 2153 538 2220 ¹sed
558 2154 590 2221 in
609 2156 764 2220 incertum
785 2153 901 2219 effusae
917 2154 1094 2220 arenae?(¹)
1140 2153 1232 2220 Unde
1249 2172 1279 2220 et

211 2259 310 2327 facilis
326 2277 372 2326 est
391 2261 514 2326 eversio
529 2259 711 2326 huiusmodi
731 2258 963 2327 aedificationis

280 2438 360 2505 Car.
379 2437 521 2503 XXVIII
542 2436 646 2528 [WH.
666 2437 755 2518 XLI,
777 2437 820 2527 r].
867 2439 1031 2519 Quoumu
1050 2458 1167 2505 ouueu
1187 2459 1281 2504 aom-

211 2565 337 2611 noueu
360 2564 428 2610 nou
454 2564 611 2610 aossuuus
635 2563 816 2610 nasaniam
841 2564 906 2610 rrae
930 2565 1014 2610 vrri.
1071 2567 1097 2611 r.
1122 2542 1279 2611 Habentes

212 2652 314 2740 itaque
331 2649 482 2738 regulam,
495 2652 597 2737 ipsam
609 2651 770 2716 veritatem
788 2667 818 2715 et
832 2652 866 2716 in
880 2668 987 2738 aperto
1002 2652 1140 2738 positum
1155 2650 1193 2717 de
1209 2652 1280 2718 Deo

213 2758 442 2836 testimonium,
465 2779 531 2822 non
553 2754 703 2822 debemus
720 2778 774 2843 per
789 2759 1009 2845 quaestionum
1026 2754 1232 2846 (declinantes
1249 2760 1280 2824 in

213 2864 287 2930 alias
307 2880 396 2950 atque
420 2863 493 2928 alias
500 2863 549 2947 0))
566 2861 789 2944 absolutiones,
805 2862 915 2929 eiicere
931 2861 1056 2930 firmam
1072 2880 1102 2930 et
1118 2886 1225 2930 veram
1241 2864 1279 2930 de

214 2971 285 3036 Deo
309 2970 490 3035 seientiam:
509 2969 611 3058 magis
627 2983 744 3050 autem,
760 2966 992 3035 absolutionem
1007 2971 1227 3057 quaestionum
1248 2971 1281 3037 in

215 3075 297 3142 hunc
313 3075 561 3142 charactereml⁵l
574 3072 753 3164 dirigentes,
769 3076 904 3142 exerceri
920 3075 1048 3164 quidem
1064 3078 1211 3143 convenit
1227 3100 1282 3165 per

214 3182 450 3270 inquisitionem
475 3181 617 3268 mysterii
640 3197 671 3246 et
692 3180 906 3269 dispositionis
934 3185 1109 3249 exsistentis
1132 3185 1204 3266 Dei,
1228 3207 1282 3250 au-

216 3289 281 3376 geri
305 3305 410 3355 autem
436 3289 469 3354 in
492 3289 618 3354 caritate
641 3288 718 3368 eius,
740 3287 794 3376 qui
817 3304 901 3354 tanta
923 3306 1050 3377 propter
1072 3313 1131 3357 nos
1156 3290 1227 3357 fecit
1251 3308 1282 3356 et

217 3395 305 3475 facit3
329 3418 503 3483 numquam
527 3385 633 3462 autem
656 3393 796 3461 excidere
820 3394 858 3461 ab
881 3418 916 3462 ea
940 3399 1086 3464 suasione
1103 3421 1164 3485 qua
1181 3400 1282 3464 mani-

217 3500 385 3568 festissime
407 3501 610 3589 praedicatur,
632 3501 703 3589 quia
719 3500 770 3567 hic
786 3501 872 3568 solus
886 3525 959 3568 vere
975 3503 1014 3569 sit
1030 3503 1117 3570 Deus
1133 3519 1163 3570 et
1179 3504 1280 3585 Pater,

217 3608 319 3695 quiet
342 3608 424 3674 hunc
449 3607 603 3675 mundum
629 3607 711 3688 fecit,
734 3623 765 3674 et
796 3607 960 3675 hominem
991 3610 1167 3699 plasmavit,
1196 3627 1226 3676 et
1249 3611 1282 3676 in

252 3771 295 3840 (r)
314 3771 367 3826 ctr.
387 3772 499 3826 Murra.
518 3771 577 3838 VII,
593 3787 636 3841 25.
776 3773 924 3843 Scripturae
952 3775 1118 3844 quaestiones
1142 3775 1282 3828 exsolven-

251 3857 293 3924 (2)
313 3857 332 3909 I.
361 3875 383 3910 e.
412 3857 592 3928 «quaestioni
623 3856 721 3910 minori
776 3857 825 3911 dae
837 3869 907 3922 sunt,
920 3857 957 3910 ita
967 3870 995 3910 ut
1005 3859 1113 3912 eaedem
1123 3875 1172 3912 nos
1185 3859 1282 3911 ducant

220 3960 233 3989 κ
243 3941 426 4011 quaestionem
449 3942 580 3994 maiorem
608 3941 721 4012 adgene·
776 3941 804 3994 in
823 3941 944 3995 altiorem
964 3943 1144 4012 cognitionem
1157 3954 1184 3995 et
1196 3943 1282 3995 inten-

220 4035 370 4089 «rantesa3
387 4023 433 4098 cfr.
449 4039 476 4088 x,
493 4039 541 4077 r-2
557 4028 596 4094 (p.
615 4024 687 4094 340).
776 4027 873 4079 siorem
905 4026 1075 4080 dilectionem
1105 4027 1226 4098 mysterii
1256 4039 1282 4078 et

251 4110 295 4177 (3)
313 4108 333 4160 1.
349 4125 372 4162 e.
386 4109 413 4161 in
426 4109 494 4162 hane
507 4108 588 4162 fidem
602 4125 654 4180 qua
667 4125 722 4162 cre·
776 4109 956 4180 dispositionis
974 4109 1173 4164 amantissimae
1191 4110 1282 4162 Provi-

217 4192 310 4246 damus
328 4209 412 4246 unum
430 4193 517 4246 Deum
530 4209 600 4258 esse;
620 4209 652 4246 ea
670 4210 722 4264 qua
776 4193 882 4247 dentiae
900 4193 1015 4247 divinae.
