3288 5060
245 483 333 552 (auu,
350 481 480 554 2-x1v).]
674 483 765 531 unna
788 483 911 530 rmuus*
1250 483 1311 552 233

245 679 392 762 «Filius,
416 696 447 746 et
468 677 584 746 Filium
607 679 667 744 nisi
687 673 791 759 Pater,
812 692 842 744 et
865 678 1052 765 cuicumque
1077 677 1175 743 Filius
1196 677 1316 745 revela-

252 814 268 850 ο
284 787 410 853 verit».
457 783 493 852 ln
510 785 559 852 his
575 786 661 852 enim
675 781 930 852 manifestissime
944 785 1029 850 aiunt
1044 783 1218 852 ostendisse
1230 783 1314 868 eum,

242 892 330 982 quod
353 909 426 960 ante
456 891 626 959 adventum
650 893 717 959 eius
738 913 834 958 nemo
862 889 1027 957 manifeste
1049 891 1234 978 cognoverit
1256 893 1316 960 Pa-

245 1017 327 1066 trem
361 999 562 1066 vernacium
594 1014 626 1066 et
648 1015 752 1088 aptare
785 996 909 1080 volunt,
931 995 1016 1086 quod
1038 998 1126 1085 quasi
1150 996 1315 1066 fabricator

243 1124 278 1175 et
299 1106 444 1174 conditor
469 1127 593 1196 semper
616 1105 654 1173 ab
678 1105 827 1173 omnibus
853 1106 998 1194 cognitus
1021 1106 1072 1187 sit,
1095 1120 1125 1171 et
1148 1105 1224 1172 haec
1246 1105 1316 1172 Do-

247 1215 372 1280 minum
395 1213 510 1280 dixisse
528 1212 568 1280 de
583 1214 747 1301 incognito
770 1208 919 1278 omnibus
937 1212 1039 1294 Patre,
1061 1233 1156 1300 quem
1179 1211 1239 1299 ipsi
1259 1233 1315 1278 an-

242 1335 398 1386 nuntiant.

312 1533 392 1602 Cir.
416 1532 507 1614 XXI,
535 1551 562 1598 r.
616 1529 722 1622 [WH.
741 1531 794 1597 XI
799 1527 851 1620 V.]
903 1531 955 1597 Dr.
989 1549 1218 1597 nuosurmour.
1253 1549 1313 1596 sun

242 1659 381 1715 ουλντλ
409 1658 533 1706 orcum·
563 1659 604 1705 Ετ
633 1657 786 1706 rneruu'r.
832 1635 1071 1724 Redemptionis
1097 1653 1202 1702 autem
1229 1635 1314 1724 ipso-

243 1769 315 1814 rum
324 1747 358 1801 (¹)
368 1744 569 1812 traditionem
581 1747 685 1812 evenit
693 1743 883 1811 invisibilem
892 1765 961 1810 esse
970 1759 1001 1809 et
1012 1739 1313 1830 incomprehensibi-

244 1855 325 1920 lem:
349 1851 494 1920 videlicet
509 1875 609 1941 quum
625 1853 665 1918 sit
680 1849 1045 1940 incomprehensibilium
1060 1866 1091 1916 et
1106 1847 1312 1916 invisibilium

245 1959 399 2026 πταῖσαν)
444 1955 483 2025 Et
502 1974 628 2047 propter
646 1957 707 2024 hoc
729 1979 827 2045 quum
852 1958 893 2023 sit
916 1955 1080 2037 instabilis,
1103 1979 1168 2024 non
1192 1957 1314 2046 simpli-

244 2169 356 2253 αΥίὸς,
379 2172 433 2234 καὶ
454 2173 506 2235 τὸν
532 2169 613 2253 riti,
636 2170 664 2234 el
686 2171 728 2255 μὴ
750 2169 768 2233 ὁ
790 2169 908 2254 Πατὴρ,
922 2171 975 2232 καὶ
990 2169 1014 2253 ᾧ
1029 2169 1067 2232 ἂν
1082 2168 1099 2233 ὁ
1113 2167 1183 2245 Υἱὸς
1196 2169 1312 2232 ἀποκα-

246 2276 358 2364 ιιλίιψη
373 2301 403 2343 υ.
449 2276 505 2343 Ἐν
515 2277 630 2355 τούτοις
639 2280 699 2363 γὰρ
711 2275 869 2362 διαρρήδην
880 2278 954 2360 φασὶ
968 2274 1136 2359 δτδτιχέναι
1153 2277 1252 2358 αὐτὸν,
1270 2275 1312 2354 ὡς

240 2389 294 2452 τὸν
395 2383 520 2471 Πατέρα
537 2383 685 2470 ἀληθιίας
703 2388 762 2471 πρὸ
780 2395 833 2470 τῆς
855 2383 1020 2470 παρουσίας
1042 2386 1134 2447 αὐτοῦ
1157 2382 1234 2468 μηδὲ
1246 2379 1312 2461 ἐνὸς

243 2492 364 2558 murore
380 2491 568 2579 ἐγνωκότος·
583 2493 636 2557 καὶ
651 2491 890 2570 κατασκευάζειν
905 2490 1057 2573 θέλουσιν,
1069 2487 1110 2567 ὡς
1125 2499 1177 2554 τοῦ
1188 2497 1312 2576 ποιητοῦ

239 2603 296 2664 καὶ
316 2599 438 2664 κτίστου
452 2599 501 2663 &tl
519 2598 577 2662 ὑπὸ
592 2597 711 2662 πάντων
728 2595 930 2683 ἀναινομένου,
947 2599 1001 2661 καὶ
1018 2604 1113 2662 ταῦτα
1130 2599 1181 2660 τὸν
1199 2594 1312 2680 Κύριον

240 2704 391 2792 εἰρηκέναι
405 2708 473 2790 περὶ
487 2714 541 2769 τοῦ
556 2703 711 2790 ἀγνώστου
725 2714 786 2781 τοῖς
804 2713 880 2768 πᾶσι
897 2702 1026 2788 Πατρὸς,
1045 2703 1078 2768 ὃν
1097 2705 1181 2766 αὐτοὶ
1198 2721 1311 2787 τισι-ταγ-

241 2811 396 2898 γέλλουσι.

308 3023 400 3104 XXI,
420 3043 447 3091 1.
493 3022 558 3109 Τὴν
573 3024 607 3088 δὲ
621 3033 674 3108 τῆς
691 3021 927 3108 ἀπολυτρώσεως
945 3025 1042 3088 αὐτῶν
1057 3021 1223 3108 παράδοσιν
1237 3043 1311 3107 συμ·

240 3129 370 3218 βέβηκεν
380 3131 509 3218 ἀόρατον
524 3132 599 3195 εἶναι
612 3133 665 3195 καὶ
679 3129 910 3214 ἀκατάληπτον·
927 3132 981 3194 ἅτε
996 3137 1055 3193 τῶν
1070 3128 1245 3214 ἀκρατὴτιυν
1257 3129 1311 3192 καὶ

242 3237 376 3323 ἀοράτιυν
398 3236 514 3323 μητέρα
535 3236 740 3322 ὑπάρχουσαν.
787 3238 852 3303 Καὶ
873 3235 923 3300 διὰ
944 3243 1032 3300 τοῦτο
1054 3237 1185 3300 ἀστατον
1206 3237 1309 3314 οὖσαν,

278 3457 321 3525 (1)
344 3455 410 3507 «Ab
430 3454 492 3525 ipsis
510 3453 677 3508 confictum»
706 3453 751 3506 ad·
840 3452 884 3522 (3)
896 3451 1098 3516 Redemtio,i.e.
1109 3452 1254 3506 liberatioa
1265 3469 1310 3523 po-

241 3539 282 3592 dit
300 3553 396 3610 graec„
412 3537 457 3591 sed
477 3554 531 3608 non
553 3537 748 3602 desiderantum
805 3537 945 3590 testatibus
959 3535 1083 3590 omnibus
1097 3552 1165 3606 quae
1180 3535 1233 3590 sint
1243 3534 1310 3590 infra

245 3641 293 3694 pro
310 3633 441 3694 captare»
460 3623 554 3676 melius
570 3623 747 3676 «adstruere»
806 3620 953 3693 spirituales
976 3621 1020 3686 (ab
1044 3621 1111 3691 ipso,
1134 3631 1162 3674 ut
1187 3621 1310 3686 vidimus,

242 3708 261 3760 i.
272 3725 295 3761 e.
306 3723 425 3779 arguere,
438 3723 471 3762 ex
491 3723 524 3760 eo
542 3707 612 3778 quod
627 3705 751 3760 Demiur·
808 3705 977 3776 Demiurgo),
986 3717 1012 3758 et
1025 3705 1143 3758 inductio
1152 3705 1179 3758 in
1189 3705 1311 3776 spiritua·

244 3807 293 3864 gut
312 3791 472 3846 eto-Cir.
491 3792 507 3845 l.
527 3789 574 3856 lV,
592 3808 615 3846 c.
633 3789 679 3846 Vl.
805 3788 870 3842 lium
889 3805 1007 3842 censum.
1044 3787 1098 3842 Clr.
1117 3805 1221 3860 quoque
1235 3787 1310 3842 Huu’.

280 3877 322 3944 (a)
335 3875 355 3929 l.
369 3891 391 3929 e.
405 3875 448 3946 (ut
460 3875 751 3946 exhisquaeadiacent
805 3873 853 3938 Vl,
878 3888 979 3939 41-423
1006 3872 1068 3926 Exc.
1094 3872 1184 3926 Theod.
1210 3887 1252 3938 22,
1276 3887 1309 3942 77

241 3959 337 4031 liquet)
365 3959 615 4014 Valentinianorum
642 3975 751 4030 genera-
805 3970 831 4012 et
855 3959 923 4029 apud
949 3957 1079 4022 Schmidt,
1103 3956 1179 4010 Piscis
1207 3955 1308 4028 Sophia,

242 4044 293 4096 tint
325 4059 380 4097 non
411 4055 516 4096 tantum
547 4043 749 4097 Marcosiorum.
805 4061 830 4116 p.
846 4056 893 4109 245
909 4059 978 4113 sqq.;
995 4041 1069 4094 liber
1082 4040 1136 4108 len,
1152 4059 1176 4112 p.
1192 4042 1241 4110 308
1254 4058 1310 4113 sqq.

241 4127 310 4197 (cu.
334 4127 449 4193 Lrusrus,
473 4127 543 4184 Prot.
571 4128 659 4181 Kircb.
687 4125 750 4182 Zeit.
805 4129 845 4182 De
861 4127 954 4181 ellectu
968 4143 1032 4180 mox
1048 4127 1149 4191 audies;
1169 4127 1202 4180 de
1220 4127 1310 4180 analo-

247 4213 323 4282 1873,
336 4231 362 4285 p.
384 4214 492 4283 177vel
507 4213 591 4284 praej.
610 4213 627 4265 l.
647 4211 751 4280 11fin.).
805 4213 856 4284 giis
877 4229 938 4266 cum
958 4211 1149 4265 initiationibus
1168 4211 1196 4265 in
1211 4223 1311 4284 myste·

323 4391 344 4430 ᾖ
