3274 5100
174 483 234 550 (IV,
251 482 319 548 6-V‚
334 484 386 552 2)]
567 487 657 532 LIBER
680 487 843 533 SECUNDUS

1179 487 1242 553 329

173 681 268 768 igitur
287 679 404 768 gloriae
423 681 576 768 appetitor
595 682 696 768 magis
715 685 772 747 erit
787 681 940 763 Salvator,
955 685 1078 768 qua<m)
1089 681 1122 734 (¹)
1140 680 1241 748 hono·

174 809 246 853 rans
264 810 343 874 quae
359 803 431 852 sunt
447 810 584 867 sursum,
600 789 738 875 arguitur
753 811 771 854 a
787 786 888 855 nobis.
935 789 1019 870 Quis
1034 788 1119 854 enim
1138 787 1241 854 honor

173 911 220 958 est
244 909 441 959 aeternorum
466 915 577 959 eorum
596 915 675 981 quae
694 917 817 982 semper
833 909 915 974 sunt,
931 917 966 960 ea
980 915 1059 981 quae
1075 910 1147 959 sunt
1161 910 1242 960 tem·

175 1000 308 1088 poralia;
332 1022 443 1066 eorum
466 1022 545 1088 quae
569 1017 661 1081 stant,
681 1023 810 1089 eaquae
826 1017 1038 1088 praetereunt;
1055 999 1242 1087 incorrupti-

173 1104 295 1186 bilium,
319 1105 553 1194 corruptibilia?
599 1105 866 1194 Quandoquidem
883 1123 913 1172 et
929 1105 1009 1194 apud
1025 1106 1171 1172 homines
1187 1108 1240 1195 qui

173 1229 245 1278 sunt
269 1213 467 1301 temporales,
483 1213 568 1279 nulla
591 1215 688 1302 gratia
712 1230 758 1279 est
782 1215 848 1281 eius
872 1213 1013 1293 honoris,
1027 1214 1080 1301 qui
1100 1214 1240 1279 celeriter

173 1319 328 1405 praeterit,
342 1319 395 1386 sed
412 1320 478 1385 eius
494 1321 546 1407 qui
563 1320 747 1407 plurimum,
759 1336 911 1407 quantum
928 1335 1040 1408 potest,
1052 1337 1238 1408 perseverat.

174 1425 265 1506 Quae
289 1442 395 1491 autem
419 1427 525 1492 statim
548 1443 582 1492 ut
606 1425 683 1492 facta
708 1442 780 1491 sunt
804 1427 1059 1507 exterminantur,
1079 1427 1110 1491 in
1129 1442 1240 1492 contu-

174 1533 301 1598 meliam
326 1534 427 1622 magis
450 1555 561 1600 eorum
584 1535 639 1622 qui
655 1549 800 1622 putantur
815 1533 965 1600 honorari
982 1533 1060 1599 facta
1076 1557 1144 1600 esse
1160 1535 1240 1600 iuste

171 1637 329 1706 dicentur:
361 1658 392 1706 et
422 1639 650 1706 contumeliose
681 1641 804 1706 tractari
835 1640 864 1706 id
889 1638 974 1728 quod
997 1657 1044 1706 est
1066 1655 1239 1720 aeternum,

172 1763 316 1833 corrupta
340 1747 408 1812 eius
431 1763 461 1814 et
484 1748 586 1812 soluta
609 1747 757 1835 imagine.
805 1746 892 1828 Quid
918 1763 1022 1813 autem
1043 1748 1069 1814 si
1088 1770 1153 1813 non
1172 1748 1239 1834 plo

171 1871 279 1932 rasset,
303 1869 333 1918 et
356 1854 485 1933 risisset,
509 1870 540 1919 et
562 1855 698 1941 aporiata
723 1871 804 1920 esset
828 1869 927 1920 mater
954 1855 1118 1941 ipsorum?
1163 1855 1238 1920 Non

172 1957 327 2024 habuisset
340 1959 481 2026 Salvator
495 1982 549 2046 per
560 1983 638 2048 quae
652 1959 820 2026 honoraret
832 1959 1069 2048 plenitudinem,
1082 1977 1238 2026 extremae

170 2065 365 2132 confusionis
388 2090 453 2133 non
477 2065 619 2134 habentis
641 2069 802 2156 propriam
826 2065 1042 2150 substantiam,
1065 2090 1235 2156 perquam

172 2173 340 2240 honoraret
358 2174 587 2261 Propatorem?
598 2175 632 2228 (²)

218 2299 246 2346 2.
272 2281 304 2348 O
330 2303 426 2346 ranae
449 2280 566 2369 gloriae
598 2281 711 2364 honor,
734 2284 787 2371 qui
812 2284 916 2350 statim
940 2284 1097 2370 praeterit,
1120 2298 1150 2348 et
1173 2284 1235 2348 iam

170 2409 235 2452 non
255 2391 396 2475 apparet!
436 2389 501 2455 Erit
517 2389 626 2477 aliquis
645 2391 744 2470 Aeon,
755 2389 787 2454 in
803 2390 914 2476 quoin
930 2405 1033 2455 totum
1049 2389 1119 2455 talis
1135 2389 1238 2455 honor

172 2493 266 2560 fuisse
287 2518 351 2561 non
370 2495 571 2583 reputabitur,
582 2496 616 2549 υ)
630 2513 661 2562 et
676 2496 863 2562 inhonorata
878 2513 968 2563 erunt
982 2513 1055 2564 tunc
1070 2519 1149 2585 quae
1166 2513 1237 2562 sunt

171 2624 314 2668 sursum:
346 2619 398 2667 aut
428 2602 519 2668 aliam
549 2603 663 2668 iterum
695 2625 822 2668 necesse
853 2605 911 2670 erit
934 2603 1070 2669 Matrem
1095 2605 1236 2669 emittere

169 2709 356 2796 plorantem,
372 2726 402 2774 et
421 2711 604 2797 aporiatam,
621 2711 653 2776 in
672 2710 828 2776 honorem
846 2710 1043 2777 Pleromatis.
1083 2710 1117 2777 Ο
1141 2707 1237 2775 indis-

170 2815 292 2895 similis,
317 2815 411 2881 simul
427 2833 532 2882 autem
547 2833 577 2882 et
592 2813 791 2904 blasphemae
806 2818 969 2906 imaginis!
984 2817 1017 2870 (4)
1061 2816 1234 2904 Imaginem

206 3038 248 3104 (1)
269 3036 400 3103 Interpres
416 3037 509 3106 legitiq
525 3038 613 3103 locoh
631 3037 677 3090 sal-

170 3137 213 3173 sus
228 3139 242 3172 a
257 3137 322 3174 voce
335 3123 437 3186 μᾶλλον
450 3138 517 3191 quae
531 3138 575 3191 per
588 3138 615 3174 se
626 3133 677 3174 stat

170 3222 218 3258 nec
238 3206 405 3274 componitur
424 3222 484 3257 cum
501 3206 676 3276 sequentibus.

171 3291 322 3361 [Hanvexl.
359 3293 500 3344 Prorruus
523 3309 625 3363 quoque
645 3293 674 3360 ll.

170 3393 191 3429 c.
202 3381 231 3441 ql
242 3377 341 3430 deridet
352 3375 494 3429 Gnosticos
504 3377 547 3447 qui
558 3377 606 3430 hac
618 3394 676 3430 sen-

169 3462 252 3514 tentia
263 3461 366 3514 invecta
380 3462 562 3531 «sculptorum
573 3474 676 3516 nostro·

173 3567 186 3596 a
197 3563 254 3599 rum
268 3545 376 3599 affectus
390 3547 422 3598 ad
436 3563 543 3616 superos
561 3559 675 3600 transtu·

173 3631 318 3684 «lerunt».

204 3721 247 3782 (2)
266 3715 406 3768 Genitivus
428 3731 475 3785 pro
497 3714 613 3768 ablativo
632 3716 676 3767 ab·

170 3801 257 3852 soluto
287 3816 363 3852 more
383 3798 556 3852 Graecorum.
607 3799 675 3852 Hinc

169 3901 276 3937 sensus:
309 3883 397 3937 «Non
422 3883 599 3936 habuisset...
624 3883 674 3936 nisi

172 3967 348 4020 «Achamoth
381 3968 512 4036 (extrema
543 3966 674 4034 conlusio)

172 4075 185 4102 u
195 4053 351 4124 prodidisset
360 4053 518 4123 propriam»
534 4064 583 4106 etc.
621 4052 674 4105 Csr.

168 4137 189 4202 Ι,
209 4153 246 4202 tv,
267 4153 280 4190 2
301 4155 373 4208 seqq.

205 4223 245 4290 (ς)
259 4222 356 4275 Sensus
368 4233 421 4274 est:
441 4219 520 4274 «Erit
534 4221 675 4292 aliquando

736 3039 801 3090 uvel
820 3038 887 3091 sorte
912 3038 964 3090 iam
984 3055 1053 3090 nunc
1079 3050 1119 3091 est
1144 3038 1237 3108 aliquis

735 3123 836 3176 «Aeon
853 3123 899 3175 tali
919 3123 1020 3176 honore
1039 3123 1142 3192 penitus
1161 3123 1236 3175 orba·

735 3227 748 3256 e
758 3219 808 3272 tus,
821 3207 960 3260 destructis
973 3208 1094 3260 videlicet
1107 3208 1147 3260 his
1160 3210 1236 3261 rebus

734 3313 748 3342 u
758 3293 851 3346 creatis
858 3310 922 3363 quas
932 3293 1040 3345 honoris
1051 3309 1128 3344 causa
1139 3292 1172 3345 ad
1182 3295 1236 3346 eius

734 3395 747 3426 α
758 3377 902 3446 imaginem
912 3375 1064 3430 condiderat
1075 3374 1203 3429 Salvator:
1210 3387 1235 3429 et

734 3479 747 3508 n
757 3471 819 3513 tunc
834 3460 944 3512 honoris
956 3459 1073 3528 expertia
1089 3471 1164 3512 erunt
1173 3499 1179 3511 .
1188 3500 1194 3513 .
1203 3479 1232 3511 ,n

731 3543 894 3610 (Massusr).
931 3542 982 3595 Sed
994 3543 1059 3595 haec
1074 3543 1179 3613 longius
1193 3561 1236 3613 pe-

730 3629 786 3680 tita.
840 3628 964 3698 Proprior
991 3631 1122 3680 sententia
1152 3628 1236 3681 aderit

730 3717 808 3766 haec:
825 3711 1024 3766 «Ostendemus
1039 3712 1146 3783 quidem
1159 3729 1236 3782 quos-

733 3817 746 3847 «
756 3797 817 3850 darn
833 3798 940 3850 Aeonas
953 3815 1010 3850 esse
1025 3815 1137 3868 quorum
1156 3797 1235 3866 digna

732 3901 746 3932 n
757 3882 846 3952 imago
857 3883 985 3935 increatis
996 3882 1022 3934 in
1032 3895 1118 3936 totum
1126 3895 1236 3946 nonest,

733 3979 782 4019 «et
797 3966 956 4019 inhonorata
971 3978 1021 4019 etc.
1031 3987 1057 4020 u.

764 4053 806 4116 (4)
826 4049 981 4103 Genitivum
1007 4051 1066 4103 loco
1094 4051 1236 4104 accusativi

729 4135 853 4205 exprimit
884 4135 1014 4188 serviliter
1044 4135 1173 4205 interpres
1204 4151 1235 4188 ex

727 4231 801 4272 textu
816 4237 920 4290 graeco.
957 4219 1058 4272 Notum
1071 4231 1110 4272 est
1120 4218 1237 4273 Graecos
