3238 5090
217 491 337 562 (XLv11,
356 495 441 562 ²·3)·l
617 495 707 542 aruer
729 495 893 541 secuuous
1222 495 1283 562 453

214 685 266 773 qni
291 686 331 752 sit
353 686 518 751 universae
545 687 736 773 operationis
760 686 954 774 Demiurgus
980 702 1010 751 et
1037 685 1196 768 dominus,
1220 688 1288 752 ani·

214 792 331 858 malem
354 814 422 858 esse
445 789 562 873 dicunt,
586 815 619 858 se
642 809 748 858 autern
772 794 934 880 spiritales,
957 795 1010 883 qui
1038 793 1153 859 nullius
1177 816 1286 881 opera-

212 899 308 965 tionis
333 898 532 966 fabricatores
552 915 624 964 sunt
644 915 696 964 aut
715 899 847 982 domini,
866 923 931 966 non
951 900 1056 967 solum
1075 923 1185 966 eorum
1205 925 1283 989 quae

214 1020 286 1069 sunt
309 1021 395 1070 extra
413 1027 478 1086 eos,
508 1003 623 1071 sedne
648 1004 777 1092 quidem
801 1027 970 1093 corporum
995 1028 1137 1071 suorum.
1184 1006 1285 1072 Multa

213 1109 346 1197 denique
359 1133 449 1198 saepe
461 1109 635 1177 secundum
655 1133 767 1199 corpus
788 1113 945 1199 patiuntur
963 1112 1117 1194 nolentes,
1137 1129 1285 1178 vocantes

215 1240 247 1282 se
267 1218 420 1304 spiritales
443 1233 474 1283 et
497 1217 645 1284 meliores
670 1217 857 1305 Demiurge.

282 1345 311 1409 9.
335 1325 419 1390 Iuste
443 1325 537 1412 igitur
560 1348 577 1390 a
601 1322 692 1390 nobis
714 1344 883 1413 arguentur
899 1349 994 1413 porro
1014 1343 1043 1392 et
1067 1327 1161 1414 longe
1180 1324 1285 1392 diver·

212 1431 286 1496 tisse
310 1455 327 1496 a
351 1431 489 1497 veritate.
537 1431 610 1498 Sive
633 1431 718 1496 enim
739 1453 792 1518 per
809 1430 902 1512 hunc,
919 1455 997 1520 quae
1014 1430 1093 1498 facta
1110 1449 1192 1514 sunt,
1213 1431 1284 1498 lecit

213 1537 365 1618 Salvator,
380 1537 414 1593 (¹)
439 1561 504 1604 non
527 1535 656 1604 inferior
679 1539 766 1626 ipsis,
789 1538 841 1606 sed
867 1539 980 1605 melior
1003 1563 1071 1605 esse
1098 1538 1283 1619 ostenditur,

214 1643 338 1732 quando
369 1661 400 1710 et
429 1643 545 1710 horum
569 1646 711 1734 ipsorum
741 1647 900 1712 invenitur
928 1644 1045 1712 lactor:
1069 1669 1141 1712 nam
1172 1663 1202 1711 et
1225 1647 1283 1733 ipsi

214 1766 284 1815 sunt
297 1773 334 1815 ex
357 1749 500 1838 hisquae
520 1749 599 1816 iacta
622 1768 705 1817 sunt.
752 1749 930 1832 Quomodo
952 1751 993 1817 ita
1013 1773 1209 1839 consequens
1226 1769 1283 1832 est,

212 1855 271 1922 hos
294 1855 422 1943 quidem
446 1858 598 1945 spiritales
621 1880 700 1937 esse,
718 1857 800 1924 hunc
824 1875 930 1923 autem
947 1859 1051 1945 ipsum
1070 1880 1235 1945 perquem
1252 1875 1282 1922 et

213 1963 283 2031 lacti
318 1981 400 2045 sunt,
423 1965 611 2032 animalem?
657 1966 730 2033 Sive
758 1964 858 2054 (quod
887 1981 917 2030 et
948 1965 1053 2030 solum
1081 1981 1129 2030 est
1158 1985 1282 2044 verum,

210 2071 294 2158 quod
318 2089 348 2137 et
370 2095 424 2159 per
448 2071 583 2159 plurima
606 2071 812 2149 ostendimus,
829 2071 915 2137 velut
938 2068 1153 2159 liquidissimis
1178 2087 1283 2136 osten-

211 2177 367 2266 sionibus)
393 2180 457 2265 ipse
481 2200 497 2243 a
522 2178 690 2265 semetipso
715 2176 787 2244 fecit
810 2176 905 2244 libere
925 2195 1011 2243 etex
1036 2201 1090 2244 sua
1119 2193 1282 2264 potestate,

213 2301 244 2350 et
270 2283 435 2372 disposuit,
459 2303 490 2352 et
512 2283 639 2372 perfecit
671 2286 789 2367 omnia,
813 2301 843 2350 et
867 2302 914 2351 est
937 2282 1107 2351 substantia
1137 2285 1282 2350 omnium

211 2391 354 2457 voluntas
377 2391 461 2472 eius;
485 2391 572 2456 solus
596 2390 645 2456 bic
670 2391 757 2457 Deus
789 2392 956 2472 invenitur,
980 2393 1033 2478 qui
1058 2391 1165 2456 omnia
1199 2389 1281 2470 fecit,

212 2498 296 2564 solus
320 2499 532 2585 omnipotens,
548 2515 578 2564 et
602 2497 687 2563 solus
712 2498 801 2563 Pater
821 2497 959 2563 condens
979 2513 1010 2562 et
1030 2497 1145 2563 faciens
1162 2498 1281 2577 omnia,

210 2621 240 2670 et
263 2605 405 2686 visibilia,
429 2622 459 2670 et
482 2603 659 2685 invisibilia,
675 2618 705 2669 et
728 2603 896 2685 sensibilia,
920 2620 949 2669 et
973 2605 1138 2683 insensata,
1164 2619 1195 2668 et
1214 2626 1283 2670 cae-

210 2709 308 2792 lestia,
324 2727 354 2776 et
369 2727 501 2792 terrena,
516 2737 532 2772 a
544 2709 652 2775 Verbo
668 2710 792 2776 virtutis
812 2731 885 2774 suae
898 2733 928 2788 »;
944 2709 977 2762 (²)
1000 2724 1030 2774 et
1046 2709 1153 2773 omnia
1166 2710 1283 2795 aptavit

210 2833 240 2881 et
261 2815 414 2904 disposuit
438 2817 587 2904 sapientia
611 2839 676 2896 sua,
700 2833 730 2881 et
753 2816 860 2881 omnia
881 2816 1016 2902 capiens,
1037 2813 1123 2879 solus
1142 2828 1282 2878 autema

210 2923 335 2988 nemine
359 2924 425 3010 capi
450 2939 565 3010 potest:
590 2924 655 3009 ipse
679 2921 855 3003 fabricator,
879 2923 945 3008 ipse
969 2919 1124 3002 conditor,
1144 2919 1210 3006 ipse
1234 2919 1282 2984 in-

211 3046 332 3110 ventor,
349 3029 415 3115 ipse
431 3026 540 3110 lactor,
559 3029 624 3115 ipse
641 3029 799 3094 Dominus
816 3029 981 3094 omnium:
998 3045 1028 3094 et
1045 3049 1145 3114 neque
1161 3042 1281 3112 praeter

211 3134 325 3222 ipsum,
345 3155 445 3220 neque
464 3156 556 3220 super
572 3135 687 3221 ipsum,
711 3157 812 3221 neque
837 3151 946 3212 mater,
966 3155 1061 3221 quam
1085 3131 1129 3197 illi
1152 3131 1282 3198 admen-

211 3241 348 3320 tiuntur;
375 3262 433 3305 nec
457 3239 534 3305 deus
562 3241 648 3320 alter,
671 3262 766 3327 quem
791 3239 933 3304 Marcion
958 3237 1095 3318 affinxit3
1123 3259 1180 3303 nec
1212 3236 1282 3301 Ple-

212 3368 301 3412 roma
316 3367 383 3412 xxx
397 3349 556 3427 Aeonum,
579 3343 664 3432 quod
687 3369 805 3411 vanum
829 3361 992 3410 ostensum
1015 3361 1078 3425 est3
1102 3365 1202 3430 neque
1218 3342 1281 3427 By-

211 3451 374 3532 tl1u3,nec
399 3452 573 3530 Proarche3
600 3476 699 3540 neque
724 3453 817 3531 cueli3
834 3453 866 3505 (³)
893 3474 950 3517 nec
980 3451 1088 3517 lumen
1118 3451 1280 3540 virginale,

248 3625 287 3690 (ι)
308 3623 395 3678 Etiam
416 3625 551 3678 sidicatur
564 3642 624 3678 cum
645 3624 718 3678 Gno-
773 3631 869 3689 naeu),
888 3625 934 3678 sed
956 3635 981 3677 et
1000 3624 1154 3677 firmitatem
1180 3627 1282 3679 theolo-

213 3707 284 3759 sticis
298 3723 353 3776 per
364 3707 609 3761 huncSalvatorem
624 3721 718 3761 cuncta
773 3709 860 3780 gicam
886 3709 1031 3761 maximam
1052 3707 1230 3780 praeseferunt
1255 3723 1282 3764 et

211 3803 349 3861 operatum
369 3809 427 3846 esse
447 3791 506 3860 (cfr.
526 3779 543 3845 1'.
555 3796 598 3856 α).
637 3792 719 3845 Aliud
773 3805 931 3864 conceptum
965 3793 1120 3857 divinitatis
1152 3795 1236 3865 qualis
1268 3811 1282 3846 a

212 3877 263 3927 siue
289 3877 476 3929 correlativum
500 3894 526 3928 v.
550 3875 617 3929 inira
636 3877 719 3947 (quod
773 3879 852 3931 nullis
865 3879 978 3932 ethnicis
991 3878 1160 3948 scriptoribus
1171 3878 1282 3930 traditus

212 3960 298 4012 solum
317 3973 357 4013 est
375 3963 490 4028 verum).
774 3974 821 4024 est,
856 3963 1111 4032 praestantissimum
1148 3962 1282 4014 exhibent.

246 4047 289 4112 (2)
308 4045 411 4098 Allusio
425 4047 457 4098 ad
471 4047 550 4099 Helu.
563 4047 583 4110 I,
600 4061 621 4113 3.
653 4045 719 4099 Cae·
774 4045 827 4099 Cir.
838 4049 884 4110 Εἰς
894 4045 961 4099 ento.
970 4043 1003 4109 V,
1014 4046 1043 4109 83
1054 4044 1178 4098 Taeom.
1190 4044 1210 4110 l,
1223 4061 1281 4114 3-4.

210 4139 266 4180 tera
285 4145 352 4199 quae
371 4141 516 4200 sequuntur
528 4131 678 4201 emphatica
693 4131 719 4182 vi
810 4131 936 4199 (3)Quos
947 4130 1024 4182 basil.
1034 4129 1123 4194 finxit3
1136 4129 1217 4182 lunten
1227 4133 1282 4182 vir-

210 4225 344 4283 praestant
353 4213 637 4283 (hymnusdicunturab
646 4215 719 4267 Hart-
773 4215 865 4286 girolt,
885 4215 953 4286 apud
966 4214 1129 4267 Bnrbeliotas
1142 4215 1176 4282 (l,
1189 4217 1280 4282 xxix).

283 4428 338 4470 ant
353 4428 419 4470 saner.
435 4427 491 4470 Patr.
507 4428 561 4482 (ser.
572 4428 603 4481 11)
619 4427 657 4470 nr.
1174 4409 1209 4463 29
