3288 5060
189 461 277 530 (Χνν,
299 465 347 534 οι]
612 467 702 514 trum
726 467 839 514 rrimus
936 507 937 514 ,
1193 469 1256 535 249

189 658 388 727 descendisse
411 681 485 728 eurn
508 661 774 750 transfiguratum,
795 679 825 730 et
849 663 1057 734 assimilatum
1080 662 1257 743 virtutibus,

189 785 220 836 et
239 767 454 855 potestatibus,
479 785 510 835 et
532 770 661 857 angelis,
685 787 718 836 ut
742 788 772 836 et
788 771 820 836 in
840 768 1021 836 hominibus
1044 770 1143 836 homo
1167 781 1259 858 appa·-

190 892 271 941 reret
287 877 365 963 ipse,
380 895 479 963 quum
495 898 560 941 non
576 893 657 943 esset
673 876 791 959 homo;
804 890 833 943 e't
845 899 973 964 passum
985 892 1089 942 autem
1102 877 1135 942 in
1146 875 1267 946 Iudaea

189 997 343 1068 putatum,
366 1003 465 1069 quum
484 1005 549 1049 non
568 998 649 1049 esset
672 1005 790 1071 passus.
800 983 833 1038 (ί)
877 983 1090 1070 Prophetasl²l
1105 997 1213 1054 'autem
1225 1007 1256 1050 'a

190 1087 299 1154 mundi
321 1085 555 1154 fabricatoribus
586 1089 704 1178 angelis
731 1091 897 1177 inspiratos
921 1087 1035 1176 dixisse
1061 1089 1256 1177 prophetias3

189 1212 378 1283 quapropter
406 1218 463 1261 nec
491 1195 621 1262 ulterius
644 1214 787 1262 curarent
810 1219 865 1262 eos
884 1195 928 1278 hi,
946 1197 999 1283 qui
1022 1197 1054 1262 in
1076 1209 1151 1264 eum
1170 1214 1200 1263 et
1223 1199 1256 1264 in

190 1299 344 1366 Helenam
359 1301 426 1368 eius
443 1321 531 1390 spem
547 1301 689 1380 habeant,
708 1319 738 1368 et
758 1319 791 1367 ut
807 1300 922 1370 liberos
941 1324 1032 1389 agere
1047 1325 1126 1391 quae
1141 1303 1256 1384 velint3

190 1407 365 1474 secundum
396 1409 481 1474 enim
513 1410 610 1497 ipsius
639 1411 772 1498 gratiam
800 1409 911 1477 salvari
934 1410 1090 1490 homines,
1114 1409 1167 1478 sed
1191 1423 1268 1480 non¹

191 1515 365 1582 secundum
389 1538 499 1604 operas
522 1518 628 1582 iustas.
680 1518 749 1584 Nec
772 1517 857 1583 enim
888 1528 956 1583 ess‘e
979 1517 1159 1584 naturaliter
1182 1539 1257 1604 ope-

190 1622 326 1688 rationes
355 1624 461 1702 iustas‚
485 1621 538 1690 sed
562 1646 600 1689 ex
623 1623 827 1705 accidenti,(³)
848 1621 1117 1712 quemadmodum
1145 1636 1258 1711 posue*

190 1745 261 1794 runt
285 1729 338 1816 qui
363 1728 518 1796 mundum
538 1728 676 1796 fecerunt
692 1729 804 1817 angeli,
823 1753 877 1818 per
896 1727 1078 1796 huiusmodi
1097 1743 1267 1817 praecepta¹

189 1835 222 1898 in
245 1835 430 1900 seruitutem
457 1833 643 1902 deducentes
671 1834 827 1902 homines.
886 1834 1086 1922 Quapropter
1116 1851 1147 1900 et
1176 1833 1257 1900 solvi

190 1938 355 2021 mundum,
381 1957 412 2006 et
435 1940 557 2006 liberari
576 1964 642 2022 eos,
662 1942 719 2030 ¹qui
739 1958 812 2007 sunt
830 1943 908 2022 eius,
931 1940 969 2006 ab
992 1941 1125 2030 imperio
1145 1962 1256 2007 eorum

189 2048 243 2135 qui
263 2047 418 2114 mundum
438 2046 588 2129 lecerunt,
608 2049 797 2136 repromisit.
806 2047 839 2102 (⁴)

189 2225 277 2290 θέναι
293 2230 383 2290 αὐτόν
397 2229 454 2312 ἔφη
471 2227 751 2314 μεταμορφούμενσν
765 2231 818 2293 καί
833 2226 1058 2313 ἐξομοιούμενον
1073 2237 1136 2304 ταῖς
1150 2231 1257 2313 ἀρχαῖς

187 2335 241 2396 καί
263 2341 327 2410 ταῖς
357 2332 512 2416 ἐξουσίαις,
535 2335 588 2397 καί
614 2344 674 2411 τοῖς
695 2333 846 2418 ἀγγέλοις,
869 2333 909 2410 ὡς
931 2335 984 2398 καί
1010 2331 1177 2418 ἄνθρωπον
1192 2333 1256 2416 φαί·

187 2439 298 2504 stabat
324 2441 424 2523 αυτόν,
443 2444 485 2526 μὴ
508 2443 581 2505 όντα
602 2441 773 2526 ἄνθρωπον,
801 2442 853 2504 καὶ
874 2440 985 2518 παθεῖν
1008 2441 1041 2503 δὲ
1063 2438 1096 2502 ἐν
1118 2449 1154 2522 τῇ
1179 2433 1259 2505 'loo'

188 2547 257 2631 δαίφ
280 2547 485 2632 δεδοκηκὲναι,
509 2550 561 2612 καί
583 2551 626 2634 μὴ
648 2547 843 2612 πεπονπότα.
858 2595 888 2614 ..
1231 2619 1232 2622 ¹

189 2651 268 2730 Τοίις
291 2655 325 2717 δὲ
348 2655 503 2739 προφήτας
521 2647 581 2718 ἀπὸ
599 2664 657 2718 τῶν
679 2661 872 2739 κοσμοποιόν
894 2652 1034 2737 ἀγγέλων
1056 2649 1255 2737 ὲμπνευσθέν-

188 2782 241 2836 τας
259 2759 409 2845 εἰρηκέναι
432 2765 485 2838 τὰς
507 2761 696 2846 προφητείας.
732 2761 797 2826 ,Διό
815 2763 862 2845 ’μὴ
885 2761 1046 2846 φροντίζειν
1069 2761 1165 2838 αὐτῷν
1180 2763 1268 2836 ’τοὺς

190 2868 231 2943 είς
253 2871 304 2931 τόν
328 2867 450 2952 Σίμωνα
472 2870 525 2932 καί
546 2872 600 2953 τὴν
624 2859 752 2951 Ἑλένην
774 2866 1019 2946 πεπιστευκότας,
1047 2863 1103 2943 ἔως
1130 2875 1183 2930 τοῦ
1205 2875 1257 2930 νῦν

191 2973 336 3056 πράσσειν
351 2996 384 3038 τε
400 2978 458 3038 όσα
474 2975 629 3062 βούλονται
641 2975 681 3052 ὡς
692 2973 890 3061 ἐλευθέρους·
937 2976 1018 3036 κατὰ
1028 2975 1088 3058 γὰρ
1099 2975 1152 3056 τὴν
1164 2973 1256 3036 αὐτοῦ

190 3081 278 3165 χάριν
291 3079 446 3160 σώζεσθαι
462 3085 569 3158 αὐτοὺς
580 3083 741 3166 φάσκουσι,
761 3079 828 3170 [καί
843 3083 878 3145 οὐ
896 3081 945 3144 διὰ
962 3077 1099 3166 πράξεων
1116 3067 1258 3166 ἀγαθῶν]

189 3189 225 3250 οὐ
243 3187 302 3272 γάρ
320 3189 384 3252 ἐστι
402 3188 489 3272 φύσει
510 3191 606 3253 κακόν
625 3181 705 3252 ἀλλὰ
728 3187 826 3252 θέσει.
872 3186 1006 3252 Ἔθεντο
1024 3185 1092 3270 γάρ,
1111 3183 1209 3268 φησίν,
1228 3184 1265 3246 οί.

190 3293 314 3377 ἄγγελοι
330 3294 358 3359 οἱ
373 3297 423 3358 τόν
434 3292 550 3378 κόσμον
560 3294 749 3377 ποιήσαντες,
761 3296 820 3357 όσα
836 3291 994 3379 ἐβούλοντο
1007 3311 1015 3330 ·
1028 3291 1076 3354 διὰ
1087 3299 1145 3354 τῶν
1160 3291 1256 3354 cotob-

190 3421 248 3464 των
269 3401 368 3486 λόγων
391 3401 517 3465 δουλοῠν
538 3401 708 3484 νομίζοντες
730 3404 798 3476 τοὺς
820 3402 917 3464 αι’ντῶν
939 3398 1121 3474 ἀκούοντας,
1161 3397 1255 3486 Λίισιν

189 3507 223 3570 δὲ
239 3509 327 3584 αὖθις
342 3507 463 3594 λέγουσι
479 3517 532 3572 τοῦ
547 3505 665 3594 κόσμου
680 3508 731 3572 ἐπὶ
745 3507 889 3592 λυτριόσει
903 3516 962 3570 τῶν
977 3505 1055 3570 ἰδίων
1076 3503 1254 3590 ἀνθρώπου.

224 3697 266 3761 (r)
285 3693 356 3748 Nota
375 3695 514 3749 docetismi
533 3695 607 3748 initia
627 3695 694 3747 anti·
748 3695 824 3747 docet
835 3692 936 3756 Simon,
946 3703 974 3743 ut
984 3690 1255 3761 posteaaDemiurgo

188 3779 325 3850 quissima,
338 3779 381 3850 qui
399 3797 432 3833 ex
452 3779 626 3850 pantheistica
639 3780 695 3832 eth·
749 3792 774 3832 et
788 3778 941 3831 Achamoth
953 3776 1076 3847 gnostici.
1112 3774 1166 3828 Clr.
1180 3774 1255 3828 Hom.

188 3864 308 3916 nieorum
337 3864 510 3936 cosmogonia
541 3864 695 3918 historicam
751 3862 828 3915 Clam.
847 3860 945 3924 XVIII,
967 3875 1007 3916 ra.

186 3947 287 4002 Christi
307 3949 502 4019 apparitionem
521 3948 695 4018 expendebat.
785 3949 827 4016 (3)
841 3947 860 3998 l.
873 3963 896 3999 e.
910 3959 937 3998 ut
950 3962 1014 3998 mox
1031 3965 1045 3994 ιι
1055 3961 1086 3997 εκ
1100 3945 1158 4012 lege
1171 3943 1255 4013 impo

225 4035 267 4100 (2)
284 4033 303 4086 I.
314 4051 337 4086 e.
348 4033 488 4103 scriptores
498 4031 531 4086 V.
542 4031 575 4086 T.
585 4044 611 4086 et
622 4049 696 4103 prae·
753 4053 765 4080 a
776 4033 825 4084 sita
847 4032 947 4097 (bloet)
967 4030 999 4082 ab
1024 4029 1123 4098 angelis
1148 4039 1175 4078 ut
1195 4025 1256 4078 laci-

188 4117 280 4170 sertim
299 4117 413 4188 Moysen
426 4117 581 4187 scriptorem
600 4117 708 4187 Legist
753 4116 825 4168 alius
841 4115 889 4168 sibi
905 4114 1026 4166 homines
1042 4113 1225 4165 detinerent».

187 4201 237 4254 hos
262 4203 295 4255 ab
324 4203 425 4272 angeIIs
454 4201 531 4254 malis
556 4201 695 4271 inspiratos
785 4201 828 4268 (4)
837 4198 958 4252 Redeunt
970 4197 1020 4251 huc
1030 4212 1097 4267 quae
1107 4213 1139 4248 ex
1149 4192 1256 4246 Valent.
