3230 5062
211 476 246 543 (1,
270 475 337 546 18).]
636 475 725 522 urban
749 474 862 521 antuus
1219 475 1275 540 141

211 696 266 762 per
275 696 439 740 sermones
451 671 522 750 hus,
531 689 562 740 et
572 672 641 752 alia,
649 687 679 737 et
691 671 961 759 quatemationem
973 669 1155 752 secundam,
1167 670 1281 758 Logon

211 796 241 846 et
256 781 351 861 Zoen,
365 779 556 867 Anthropon
578 795 608 844 et
631 777 815 844 Ecclesiam.
862 775 923 846 Sed
947 793 978 844 et
1000 777 1137 865 primam
1161 775 1281 865 signifi-

211 887 292 954 cavit
314 885 477 954 tetradem.
531 885 670 953 Narrans
699 884 827 951 enim(¹)
849 882 888 952 de
912 884 1083 965 Salvatore‚
1105 901 1137 950 et
1162 882 1281 951 docens

210 994 328 1075 omnia,
346 1015 426 1082 quae
448 1010 535 1061 extra
553 991 700 1058 Pleroma
724 1009 807 1072 sunt,
826 1014 880 1080 per
904 1015 978 1058 eum
1003 990 1147 1070 formata,
1158 991 1191 1046 (²)
1214 989 1280 1057 fru-

210 1117 296 1168 ctum
311 1121 437 1188 quoque
456 1122 529 1165 eum
544 1121 613 1166 esse
631 1097 737 1166 dicens
753 1099 833 1166 intra
849 1099 1006 1164 Pleroma.
1053 1097 1178 1164 Etenim
1204 1124 1219 1161 «
1231 1097 1280 1164 lu-

215 1231 317 1274 umen
332 1234 347 1269 rr
372 1206 450 1274 dixit
472 1206 563 1273 ilium
589 1234 604 1270 <r
619 1205 703 1295 quod
727 1207 760 1272 in
782 1203 918 1274 tenebris
942 1205 1077 1286 lueet‚et
1100 1227 1166 1271 non
1188 1227 1280 1271 com-

211 1313 441 1402 «prehenditur
454 1340 470 1376 n
499 1311 536 1379 ab
560 1315 616 1395 eis,
634 1314 785 1401 quoniam
809 1313 917 1379 omnia
938 1335 1018 1400 quae
1042 1310 1120 1378 sacta
1144 1328 1217 1377 sunt
1239 1334 1278 1377 ex

208 1422 353 1508 passione
378 1418 529 1500 formans,
549 1421 710 1507 ignoratus
733 1437 780 1486 est
803 1417 841 1485 ab
865 1420 920 1485 eis,
967 1419 1005 1485 Et
1030 1418 1145 1485 Filium
1165 1434 1195 1485 et
1213 1418 1279 1483 Ve-

208 1529 332 1594 ritatem
343 1543 373 1593 et
382 1527 489 1592 Vitam
501 1525 577 1593 dicit
588 1549 672 1606 eum,
682 1542 712 1592 et
723 1553 738 1589 r<
749 1526 892 1591 Verbum
906 1548 1032 1592 carnem
1046 1524 1178 1593 factum:
1188 1525 1278 1591 cuius

214 1661 229 1696 u
242 1633 376 1720 gloriam
391 1632 570 1714 vidimus»,
589 1635 642 1712 ait,
664 1651 717 1700 «et
729 1649 794 1699 erat
812 1632 912 1721 gloria
928 1634 995 1698 eius
1008 1633 1108 1720 qualis
1119 1649 1185 1698 erat
1197 1633 1277 1698 Uni-

213 1739 386 1826 «geniti,(³)
400 1761 479 1827 quae
491 1761 508 1804 a
521 1739 612 1804 Patre
627 1736 697 1804 data
713 1753 760 1804 est
775 1739 814 1820 ei,
827 1737 917 1826 plena
930 1737 1038 1805 Gratia
1051 1753 1081 1804 et
1093 1738 1232 1804 Veritate
1244 1765 1276 1802 u.

207 1845 310 1936 (Dicit
320 1846 354 1899 (⁴)
373 1863 479 1912 autem
503 1846 566 1912 sic:
592 1872 608 1908 rr
620 1845 659 1911 Et
673 1845 816 1912 Verbum
832 1867 905 1912 caro
925 1843 1042 1911 iactum
1062 1861 1120 1927 est,
1136 1861 1167 1911 et
1189 1843 1279 1912 habi-

206 2043 254 2106 διὰ
276 2053 334 2106 τῶν
356 2039 456 2126 λόγων
478 2042 599 2124 τούτων,
623 2042 661 2106 τά
684 2063 716 2106 τε
740 2042 831 2122 ἄλλα,
850 2043 902 2106 καὶ
920 2045 974 2126 τὴν
993 2041 1121 2126 τετράδα
1138 2044 1192 2125 τὴν
1211 2041 1277 2106 δευ-

206 2148 302 2232 τέραν,
327 2147 428 2233 Λόγον
450 2151 503 2213 καὶ
524 2147 622 2232 Zmint,
646 2147 831 2232 Ἄνθρωποι
853 2152 906 2212 καὶ
928 2147 1126 2232 Ἐκκλησία).
1174 2146 1277 2213 Ἀλλὰ

205 2259 264 2340 μὴν
286 2257 339 2318 καὶ
360 2258 414 2339 τὴν
436 2255 558 2340 πρώτην
579 2254 712 2339 ἐμήνυσε
733 2255 877 2339 τετράδα·
906 2255 1100 2340 διηγούμενος
1127 2257 1186 2340 γὰρ
1208 2257 1276 2340 περὶ

205 2371 258 2425 τοῦ
269 2362 419 2446 Σωτῆρος,
427 2364 480 2425 καὶ
490 2361 590 2446 λέγων
602 2361 748 2425 πάντατὰ
760 2361 848 2438 ἐκτὸς
859 2370 910 2426 τοῦ
921 2361 1128 2446 Πληρώματσς
1137 2361 1175 2426 δι’
1183 2365 1276 2427 αὐτοῦ

204 2470 433 2554 μεμορφῶσθαι,
446 2472 563 2553 καρπον
575 2467 648 2532 rtur
661 2489 751 2553 φησιν
766 2469 855 2532 αὐτὸν
868 2471 977 2544 παντὸς
988 2477 1040 2532 τοῦ
1053 2467 1273 2552 Πληρώματος.

205 2575 268 2640 Καὶ
289 2579 348 2660 γὰρ
371 2583 433 2659 φῶς
455 2577 573 2660 εἴρηκεν
592 2577 682 2638 αὐτὸν
703 2603 718 2636 rr
733 2577 768 2638 τὸ
786 2575 818 2638 ἐν
837 2585 873 2659 τῇ
893 2574 1000 2659 σκοτίᾳ
1017 2575 1203 2659 φαινόμενον,
1222 2579 1275 2639 καὶ

211 2709 226 2744 rr
239 2687 280 2768 μὴ
303 2683 502 2768 καταληφθὲν
524 2681 577 2747 ὑπ’
589 2684 681 2765 αὐτῆς
693 2707 726 2764 u,
750 2683 852 2766 ἐπειδὴ
884 2681 981 2746 πάντα
1003 2685 1041 2746 τὰ
1063 2682 1211 2768 γενόμενα
1237 2681 1276 2745 ἐκ

205 2799 257 2853 τοῦ
280 2789 398 2866 πάθους
427 2787 572 2873 ἁρμόσας,
596 2788 736 2874 θμνσήθη
759 2787 811 2852 ὑπ’
823 2791 930 2852 otiabar.
978 2787 1041 2853 Καὶ
1063 2789 1133 2854 rur
1155 2790 1198 2870 δὲ,
1222 2790 1276 2852 καὶ

206 2894 386 2978 Ἀλήθειαν,
397 2899 450 2960 καὶ
461 2893 550 2981 Ζωὴν
563 2894 647 2980 λέγει
661 2898 752 2959 utrm
767 2897 819 2958 καὶ
836 2892 966 2979 «Λόγον
981 2895 1081 2980 σάρκα
1095 2896 1272 2982 γενόμενον·

211 3028 226 3063 u
238 3005 273 3065 ob
285 3005 338 3087 τὴν
348 3001 436 3079 δόξαν
449 3001 651 3087 ἐθεασάμεθα
663 3028 695 3084 n,
707 3003 789 3087 φησὶ,
805 3028 820 3064 rr
835 3004 888 3065 arai
898 3003 935 3086 ἠν
947 3003 966 3086 ἡ
979 3001 1052 3080 δόξα
1063 3005 1164 3084 αὐτοῦ,
1178 3005 1226 3066 οἵα
1237 3003 1275 3086 ἦν

210 3111 257 3194 «ἡ
269 3119 322 3174 τοῦ
333 3108 531 3194 Μσνσγενσῡς,
544 3111 564 3194 ἡ
576 3112 635 3175 ὑπὸ
646 3119 699 3174 τοῦ
710 3109 829 3194 Πατρδς
841 3109 967 3174 δοθεῖσα
982 3113 1073 3194 αὐτῷ,
1082 3110 1200 3194 πλήρης
1210 3109 1275 3174 Χά-

207 3240 223 3277 rr
238 3235 315 3300 ριτος
326 3218 378 3279 καὶ
391 3213 602 3300 Ἀληθείας».
656 3214 766 3306 (Λέγει
778 3215 812 3279 δὲ
826 3219 937 3291 οὔτως·
957 3241 973 3276 rr
986 3217 1075 3280 Κσὶὸ
1090 3215 1187 3299 Λόγος
1199 3214 1274 3300 σάρξ

241 3367 284 3436 (t)
302 3367 502 3422 Demonstratio
515 3369 618 3439 primae
633 3380 714 3422 tetra-
771 3367 903 3420 «matis».
928 3366 968 3420 De
978 3384 1031 3438 seq.
1039 3384 1064 3418 v.
1072 3365 1135 3418 Exc.
1150 3363 1238 3418 tueor.
1248 3365 1273 3418 8.

203 3453 245 3506 dis
253 3469 332 3524 quarn
346 3452 469 3519 intendit,
479 3454 586 3508 nonnisi
599 3471 632 3508 ex
644 3471 670 3508 v.
682 3470 712 3520 14
802 3453 844 3518 (3)
865 3449 983 3504 Verbum
1002 3467 1063 3504 caro
1082 3449 1181 3504 facturn
1200 3450 1274 3503 Gno-

203 3537 328 3602 habetur3
347 3537 407 3590 ideo
426 3539 541 3592 breviter
560 3538 712 3610 perstringit
767 3537 838 3588 sticis
848 3547 904 3589 erat
916 3535 1001 3600 Soter,
1014 3537 1113 3605 primus
1123 3536 1204 3589 totius
1216 3535 1273 3588 Ple-

203 3622 358 3691 interposita
377 3638 444 3693 quae
456 3622 490 3676 ad
503 3622 584 3676 aliam
603 3640 659 3676 rem
673 3640 712 3677 re·
766 3623 876 3674 romatis
889 3621 988 3676 fructus
1001 3623 1205 3692 (πρωτότοκος);
1218 3639 1272 3675 non

203 3704 511 3775 seruntur(Saivatorem
530 3718 556 3762 et
575 3706 712 3761 sonnatio-
767 3705 821 3776 ipse
831 3709 994 3774 Μονσγενὴς,
1005 3707 1136 3760 sedsimili
1144 3717 1274 3777 potestate

203 3805 266 3842 nem
300 3790 448 3858 materiae).
502 3790 586 3854 Quasi
623 3789 711 3844 dicat:
766 3791 878 3846 aPatre
897 3792 1010 3846 donatus
1033 3791 1091 3861 [1V,
1113 3806 1136 3859 5,
1155 3809 1179 3862 p.
1202 3791 1272 3859 103].

206 3871 373 3946 «Postquam
387 3875 459 3928 enirn
472 3875 651 3930 enarravit...
665 3874 712 3928 do·
767 3873 829 3928 Ideo
852 3887 1014 3946 exaggerant
1033 3878 1069 3939 ὡς
1088 3875 1115 3927 in
1137 3879 1181 3927 οῖα
1201 3879 1233 3942 ῆν
1254 3878 1273 3940 ἡ

207 3974 372 4012 «cens...n.
409 3959 450 4012 De
468 3961 545 4013 rebus
569 3971 657 4013 autern
677 3961 711 4012 si·
766 3959 933 4012 τοῦΜ.κτλ.
969 3957 1037 4028 (Csr.
1052 3957 1114 4011 Exc.
1132 3957 1221 4011 Theod.
1236 3961 1274 4027 7).

202 4039 336 4112 gnificatis
355 4041 400 4095 cfr.
413 4059 436 4095 c.
450 4042 487 4096 lV
501 4043 557 4097 init.
571 4061 595 4115 μ
610 4045 644 4114 98
653 4061 710 4114 sqq.
800 4044 842 4110 (4)
869 4043 960 4097 Falsae
985 4043 1138 4113 allegationi
1160 4042 1273 4095 Ptolem.
1365 4075 1367 4082 ,

240 4127 282 4193 (a)
293 4125 331 4178 Ea
346 4143 386 4198 gr.
400 4138 476 4180 rest:
495 4126 631 4180 «formata
644 4145 711 4191 esse,
765 4128 883 4181 Irenhic
894 4129 920 4180 in
939 4129 1059 4199 parenth.
1079 4128 1214 4198 subiungit
1228 4144 1273 4179 ve·

208 4229 222 4257 rr
231 4207 397 4280 fructumque
403 4227 463 4263 eum
471 4226 528 4263 esse
535 4211 616 4263 totius
622 4210 711 4264 Plero-
765 4229 823 4264 rum
834 4224 936 4266 textum
947 4213 1063 4265 Ioannis.
1093 4211 1147 4265 Cfr.
1155 4211 1188 4276 V,
1200 4211 1239 4276 18,
1248 4226 1272 4264 2.
