3274 5100
328 457 391 541 316
617 473 743 520 raanan
769 474 929 520 novamus
953 471 1109 518 naereses
1164 469 1210 538 [11,
1231 467 1293 536 4-6,
1313 469 1360 535 111,
1386 487 1396 524 1

325 666 482 755 qualitatis
491 665 525 718 (¹)
547 663 771 732 substantiam:
796 667 903 732 omnia
921 683 1026 732 autem
1041 687 1121 752 quae
1145 663 1223 730 lacta
1248 681 1330 745 sunt,
1351 667 1398 732 in·

327 771 520 861 fatigabilil²l
544 768 651 838 Verbo
676 771 758 839 fecit.

396 899 424 965 ς.
449 878 617 966 Proprium
646 893 692 944 est
723 879 809 944 enim
839 877 900 944 hoc
929 879 989 945 Dei
1017 877 1309 965 supereminentiae,
1332 900 1398 944 non

327 985 466 1073 indigere
490 984 557 1050 aliis
580 986 706 1072 organis
722 984 760 1051 ad
776 984 992 1052 conditionem
1012 1007 1135 1065 eorum,
1155 1007 1234 1072 quae
1253 985 1399 1066 fiunt;(³)

327 1107 358 1158 et
381 1090 513 1158 idoneus
536 1106 583 1156 est
607 1108 636 1157 et
660 1089 819 1158 sufficiens
841 1090 879 1159 ad
904 1091 1129 1159 fomrationem
1153 1093 1302 1157 omnium
1324 1114 1399 1180 pro-

328 1200 431 1286 prium
454 1199 521 1264 eius
544 1199 699 1281 Verbum,
722 1196 992 1286 quemadmodum
1020 1216 1049 1264 et
1083 1196 1239 1264 Iohannes
1264 1199 1398 1264 Domini

328 1305 498 1393 discipulus
518 1307 558 1372 ait
573 1305 612 1373 de
628 1329 680 1372 eo:
707 1306 856 1374 «Omnia
875 1327 930 1393 per
952 1307 1056 1394 ipsum
1082 1303 1160 1371 facta
1180 1321 1264 1384 sunt,
1282 1320 1311 1371 et
1331 1305 1399 1370 sine

333 1413 430 1500 «ipso
450 1410 567 1478 factum
590 1428 636 1478 est
660 1411 736 1479 nihil
751 1440 782 1478 n.
829 1412 865 1478 In
890 1439 905 1474 «
918 1411 1066 1478 omnibus
1078 1438 1093 1474 n
1117 1427 1223 1478 autem
1239 1427 1330 1477 estet
1347 1411 1399 1477 hic

328 1519 381 1606 qui
404 1534 452 1583 est
475 1517 648 1585 secundum
679 1541 738 1584 nos
762 1517 955 1585 munduca>
1007 1519 1046 1584 Et
1071 1517 1122 1584 hic
1146 1540 1222 1605 ergo
1249 1541 1267 1583 a
1290 1514 1399 1582 Verbo

327 1626 394 1690 eius
419 1623 516 1690 factus
536 1641 592 1704 est,
617 1626 695 1690 sicut
720 1626 871 1712 scriptura
896 1625 1058 1692 Geneseos
1081 1623 1167 1705 dicit,
1191 1625 1298 1690 omnia
1318 1646 1397 1712 quae

328 1746 400 1796 sunt
424 1730 596 1797 secundum
628 1753 687 1798 nos
716 1730 825 1797 fecisse
853 1731 959 1798 Deum
989 1753 1043 1818 per
1073 1729 1215 1797 Verbum
1246 1753 1349 1796 suum.
1365 1731 1400 1782 (⁵)

328 1837 479 1902 Similiter
498 1855 603 1903 autem
627 1854 657 1902 et
680 1835 783 1903 David
799 1839 994 1924 exsequitur:
1021 1837 1212 1917 «Quoniam
1229 1837 1295 1923 ipse
1310 1833 1399 1916 dixit,

334 1971 349 2006 «
362 1960 392 2010 et
416 1943 496 2010 facta
522 1960 610 2010 sunt:
643 1945 709 2031 ipse
737 1943 907 2024 mandavit,
939 1959 970 2009 et
996 1961 1097 2009 creata
1129 1943 1290 2009 suntab>
1336 1942 1399 2009 Cui

328 2051 423 2138 igitur
456 2053 556 2138 magis
588 2050 751 2117 credemus
779 2050 817 2117 de
848 2049 958 2118 mundi
982 2049 1195 2130 fabricatione,
1227 2050 1316 2117 hisne
1345 2051 1399 2140 qui

328 2157 475 2245 praedicti
500 2175 572 2224 sunt
602 2157 764 2223 haereticis
788 2158 832 2222 sic
857 2155 939 2224 fatua
970 2174 1000 2224 et
1031 2159 1238 2224 inconstantia
1260 2159 1401 2246 garrien-

328 2263 428 2346 tibus;
452 2289 491 2330 an
510 2265 669 2351 discipulis
692 2264 837 2345 Domini,
861 2281 891 2330 et
914 2261 998 2330 fideli
1023 2263 1142 2330 famulo
1161 2265 1222 2330 Dei
1241 2265 1348 2350 Moysi
1368 2281 1399 2330 et

328 2371 519 2459 prophetae?
571 2371 638 2452 Qui
668 2388 697 2437 et
722 2371 829 2458 'primo
858 2371 1001 2457 genesim
1026 2369 1136 2437 mundi
1160 2372 1326 2452 enarravit,
1351 2371 1400 2437 di-

328 2500 417 2543 cens:
452 2477 516 2544 «ln
546 2479 700 2565 principio
724 2478 811 2544 Deus
844 2475 917 2543 fecit
947 2477 1069 2543 caelum
1105 2495 1136 2544 et
1170 2494 1286 2544 terram
1300 2505 1332 2558 n,
1367 2495 1399 2545 et

326 2584 471 2672 deinceps
496 2585 613 2673 reliqua
632 2586 755 2650 omnia:
779 2582 833 2650 sed
858 2605 923 2649 non
945 2582 999 2666 dii,
1024 2606 1125 2671 neque
1148 2584 1262 2670 angeli.

396 2692 424 2755 6.
451 2690 614 2771 Quoniam
638 2706 744 2756 autem
768 2688 817 2754 hic
842 2689 930 2754 Deus
953 2707 999 2755 est
1023 2690 1114 2756 Pater
1139 2690 1272 2756 Domini
1296 2691 1398 2756 nostri

327 2797 397 2862 Iesu
421 2795 551 2877 Christi,
562 2796 596 2849 (⁷)
618 2813 648 2862 et
672 2795 710 2861 de
734 2795 794 2862 hoc
819 2795 935 2861 Paulus
967 2794 1128 2882 apostolus
1156 2795 1247 2862 dixit:
1277 2797 1399 2862 «Unus

330 2931 344 2966 a
362 2903 448 2969 Deus
465 2904 565 2984 Pater,
582 2904 635 2990 qui
652 2925 743 2990 super
759 2924 882 2982 onmeS,
902 2917 933 2966 et
947 2924 1001 2988 per
1014 2903 1132 2982 omnia,
1151 2920 1181 2968 et
1200 2903 1233 2968 in
1249 2901 1399 2970 omnibus

327 3119 425 3171 genera
452 3101 664 3171 comprehendit:
694 3101 739 3156 cir.
767 3100 834 3154 insta
889 3117 939 3171 que
958 3101 1043 3153 Deus:
1062 3100 1119 3154 Fiat
1139 3102 1227 3154 lux...
1247 3101 1351 3154 —Sed
1370 3103 1399 3154 in

328 3203 350 3238 c.
370 3185 428 3251 VII,
450 3201 476 3254 3:
495 3189 542 3249 Εἰς
555 3189 622 3237 ἐπιδ.
636 3186 649 3254 S
664 3186 690 3250 8,
709 3201 747 3238 to.
889 3189 935 3248 Εἰς
954 3185 1164 3252 ante.43,1ren.
1183 3185 1289 3239 initium
1310 3185 1398 3240 Gerus.

363 3271 405 3339 (1)
425 3270 494 3323 Cum
514 3271 615 3322 Arund.
631 3271 666 3323 ita
687 3269 777 3340 scripsi
807 3281 834 3321 ut
889 3270 1011 3322 hebraice
1036 3270 1113 3340 legit:
1144 3270 1307 3324 ‹illareshith
1334 3271 1398 3323 bara

327 3355 413 3424 magis
433 3353 644 3424 philosophicum
664 3354 724 3406 loco
746 3373 759 3402 «
772 3369 834 3423 qua·
893 3354 1024 3407 uelowim
1035 3354 1135 3407 bashan
1148 3355 1262 3408 benuam
1273 3355 1399 3408 ehamen-

331 3440 469 3492 «litatis».
519 3439 640 3508 Intellige
659 3439 834 3491 substantiam
893 3439 1043 3500 «tharez»,
1062 3438 1131 3508 quod
1155 3439 1254 3491 reddit:
1277 3437 1399 3491 «Filium

327 3541 390 3576 suae
408 3537 518 3576 naturae
531 3535 747 3587 consentaneam,
761 3535 789 3575 ut
802 3540 834 3576 ex
892 3519 943 3571 «in
962 3520 1052 3572 initio:
1075 3531 1101 3572 et
1129 3537 1175 3591 per
1202 3521 1273 3574 hunc
1298 3521 1398 3574 creavit

327 3608 543 3679 praecedentibus
562 3608 651 3677 liquet.
892 3624 905 3652 α
916 3604 987 3656 Deus
1005 3605 1108 3657 caelum
1128 3615 1154 3658 et
1172 3607 1312 3658 terranis!
1358 3605 1399 3658 Ita

364 3695 405 3758 (2)
424 3691 541 3744 Revocat
556 3691 582 3742 in
596 3703 731 3744 mentem:
750 3711 763 3740 a
774 3708 834 3761 por-
888 3699 914 3741 et
942 3700 1003 3741 ante
1031 3689 1100 3742 Iren.
1126 3690 1220 3742 Autsr.
1244 3690 1323 3744 Part.
1352 3707 1396 3760 ap.

331 3796 344 3825 a
354 3787 414 3828 tans
424 3775 514 3828 omnia
525 3774 614 3827 Verbo
624 3775 798 3828 virtutissuae
808 3795 833 3827 n.
887 3773 1008 3827 Huttton.
1023 3773 1074 3845 Qq.
1086 3773 1152 3826 hebr.
1162 3776 1189 3826 in
1200 3773 1262 3827 Gen.
1273 3775 1293 3827 I.
1330 3773 1398 3827 Cae-

362 3861 404 3926 (3)
424 3857 477 3911 Cfr.
496 3857 621 3911 Tricorii.
643 3858 726 3912 Autol.
743 3859 776 3923 11,
794 3875 833 3928 13.
888 3869 974 3911 terum
986 3857 1031 3911 cfr.
1048 3858 1167 3912 Tartara.
1179 3857 1248 3912 Adu.
1265 3858 1356 3913 Graec.
1370 3873 1397 3924 5:

363 3946 405 4011 (4)
425 3944 484 3996 Iota.
497 3943 516 4008 I,
530 3959 541 4013 3
555 3943 613 4010 (clr.
624 3961 649 4013 p.
662 3958 721 4008 244,
731 3955 787 3998 not.
795 3947 834 4012 4).
891 3943 945 3995 eln
966 3943 1107 4014 principio:
1126 3943 1285 4014 principium
1306 3955 1398 3997 autem

327 4027 366 4080 Ex
389 4045 403 4077 a
411 4026 502 4079 onmia
511 4047 525 4076 »
544 4026 691 4079 Heracleon
705 4027 834 4079 mundum
891 4025 990 4080 «Verbi
999 4028 1146 4097 potentiam
1156 4044 1213 4081 esse
1223 4028 1398 4097 accipimus».

327 4112 447 4176 exclusit,
463 4123 490 4164 ut
507 4111 583 4164 docet
599 4109 681 4164 Orno.
696 4111 722 4162 in
739 4111 766 4163 h.
781 4113 798 4164 l.
925 4111 966 4179 (6)
983 4111 1026 4165 Ps.
1041 4111 1153 4176 XXXII,
1166 4126 1195 4182 93
1209 4110 1355 4177 CXLVIII,
1373 4126 1397 4177 5.

365 4198 406 4264 (ς)
421 4195 482 4248 Gna
497 4195 516 4259 Ι,
531 4211 552 4258 1,
565 4210 587 4263 3,
601 4193 625 4261 6,
642 4212 669 4249 11
684 4207 733 4248 etc.
747 4195 834 4248 Dr‘xa‘t·
924 4199 965 4265 (7)
985 4197 1057 4250 Haec
1076 4208 1168 4248 contra
1185 4195 1359 4248 Marcionem.
