3230 5062
209 481 242 550 0,
265 481 334 551 rut]
636 482 725 528 sinen
749 480 862 527 murus
1219 481 1279 547 139

209 678 362 760 ostendat,
380 677 410 746 id
434 696 491 760 est,
513 678 582 745 Filii
601 696 632 744 et
650 677 759 760 Verbi,
779 695 809 745 et
833 701 904 744 eam
918 681 1002 767 'quae
1026 695 1073 744 est
1091 677 1281 745 adinvicem

210 786 305 853 simul
328 785 415 854 etad
439 787 566 853 Patrem
588 785 751 851 unionem.
798 785 835 850 ln
853 785 946 852 Patre
964 785 1051 851 enim
1075 800 1105 851 et
1129 809 1167 851 ex
1190 786 1282 851 Patre

210 893 415 982 Principium,
441 893 474 958 in
504 893 662 979 Principio
692 908 798 957 autem
829 907 860 958 et
883 914 920 957 ex
943 891 1103 980 Principio
1127 890 1280 958 Verbum.

210 1001 294 1068 Bene
318 1001 412 1088 igitur
430 998 524 1067 dixit:
550 1025 565 1061 ο
579 999 616 1065 in
638 999 796 1086 Principio
811 1016 876 1067 erat
894 997 1037 1066 Verbum
1055 1024 1089 1080 »3
1108 1015 1172 1066 erat
1195 1000 1281 1066 enim

210 1109 242 1174 in
266 1107 361 1174 Filio:
383 1107 452 1173 «Et
475 1104 619 1173 Verbum
637 1121 702 1172 erat
726 1106 806 1193 apud
830 1105 937 1172 Deum
949 1131 985 1172 n:
1010 1123 1041 1174 et
1057 1107 1143 1173 enim
1160 1107 1282 1173 Princi-

210 1214 350 1301 pium.(¹)
413 1212 480 1278 «Et
508 1211 595 1278 Deus
619 1228 683 1278 erat
706 1209 849 1278 Verbum
864 1235 897 1291 »3
929 1229 1172 1301 consequenter:
1196 1212 1280 1300 quod

211 1321 296 1386 enim
319 1343 357 1386 ex
381 1320 451 1385 Deo
475 1335 584 1384 natum
603 1336 661 1398 est,
681 1319 768 1384 Deus
792 1337 849 1386 est.
861 1317 895 1373 (²)
949 1319 1040 1386 «Hic
1060 1320 1145 1386 enim
1164 1336 1230 1386 erat
1249 1321 1281 1385 in

216 1427 403 1514 «Principio
430 1425 510 1514 opud
538 1425 694 1506 Deum»,
717 1423 854 1492 ostendit
877 1426 1057 1492 emissionis
1081 1423 1282 1492 ordinem.(³)

213 1561 229 1595 «
245 1533 366 1602 Omnia
381 1555 436 1621 per
454 1534 559 1621 ipsum
572 1531 746 1613 factasunt,
760 1549 791 1599 et
808 1534 875 1598 sine
891 1533 959 1621 ipso
973 1531 1090 1600 factum
1103 1550 1151 1601 est
1162 1533 1280 1600 nihil».

212 1639 375 1708 Omnibus
389 1641 474 1706 enim
491 1639 550 1721 his,
566 1641 619 1728 qui
636 1655 706 1726 post
719 1662 804 1721 eum,
814 1656 887 1705 sunt
899 1639 1073 1722 Aeonibus‚
1082 1638 1282 1706 formationis

211 1764 242 1815 et
263 1749 473 1836 generationis
492 1770 584 1814 causa
603 1746 747 1813 Verbum
772 1744 889 1812 sactum
913 1763 969 1814 est.
1023 1746 1112 1815 «Sed
1134 1745 1219 1835 quod
1237 1745 1282 1813 s-

214 1883 230 1918 u
244 1872 330 1921 ctum
344 1871 391 1921 est
403 1856 435 1921 in
446 1878 485 1921 eo
498 1882 530 1936 u,
545 1855 656 1944 inquit,
671 1855 769 1920 «Vita
785 1871 832 1921 est
843 1879 871 1922 u:
883 1855 916 1908 (⁴)
927 1853 978 1921 hic
992 1857 1078 1921 enim
1092 1857 1237 1942 syzygias
1248 1855 1281 1908 (ς)

212 1997 362 2083 προβολὴ)
385 1996 537 2083 ἑκατέρων
559 1999 656 2062 αὐτῶν
679 1995 771 2082 δείξῃ,
794 2007 848 2062 τοῦ
871 2019 903 2062 τε
927 1998 998 2063 riou
1020 2001 1074 2062 καὶ
1096 2007 1148 2062 τοῦ
1168 1996 1280 2084 Λὸγου,
1338 1999 1341 2008 ’

211 2106 264 2168 καὶ
285 2107 340 2187 τὴν
360 2107 435 2188 πρὸς
456 2103 609 2187 ἀλλήλους
627 2107 702 2188 ἅμα,
721 2107 774 2168 καὶ
791 2107 845 2188 τὴν
862 2107 935 2189 πρὸς
953 2108 1004 2168 τὸν
1023 2104 1147 2189 Πατέρα
1164 2107 1280 2171 ἕνωσιν.

214 2209 269 2274 Ἐν
282 2213 341 2295 γὰρ
352 2218 394 2293 τῷ
407 2209 513 2295 liutei,
526 2212 578 2273 eat
593 2210 630 2273 ἐκ
642 2218 694 2274 τοῦ
709 2210 863 2296 Πατρὸςὴ
880 2209 1001 2296 ’Aegis
1022 2211 1055 2275 ἐν
1073 2211 1106 2274 δὲ
1126 2221 1163 2296 τῆ
1178 2209 1282 2296 Ἀρχῇ

212 2319 264 2379 καὶ
282 2317 319 2380 ἐκ
336 2325 389 2401 τῆς
408 2314 526 2401 ’Λρχῆς
544 2316 561 2381 ὁ
580 2315 690 2400 Λόγος.
738 2316 850 2394 Καλῶς
868 2319 921 2382 οὑν
943 2319 1044 2382 εἶπεν·
1075 2343 1091 2379 r<
1104 2316 1159 2382 Ἐν
1178 2316 1280 2403 ’Aegii

218 2425 283 2506 «ἠν
300 2422 317 2485 ὁ
336 2422 435 2507 Λόγος
450 2445 487 2483 u·
503 2424 540 2507 ἠν
553 2427 612 2508 γὰρ
627 2425 659 2488 ὲν
673 2431 716 2508 τῷ
732 2424 811 2508 rto·
842 2450 858 2486 u
868 2428 921 2489 καὶ
935 2425 951 2490 ὁ
968 2424 1069 2510 Λόγος
1086 2429 1124 2511 ἦν
1140 2429 1214 2511 πρὸς
1232 2430 1283 2491 τον

219 2525 374 2594 aeeon·
398 2532 451 2593 καὶ
473 2532 531 2614 γὰρ
553 2531 573 2615 ἡ
596 2529 717 2615 Ἀρχὴ·
740 2533 824 2594 «καὶ
846 2529 923 2608 Θεὸς
946 2533 983 2614 ἠν
1005 2533 1022 2597 ὁ
1046 2530 1188 2616 Λόγος»,
1212 2535 1283 2597 dro-

213 2636 349 2713 λοΰθιος·
370 2640 479 2721 τὸγὰρ
501 2637 539 2701 ἐκ
561 2636 642 2704 Θεοῦ
664 2637 821 2722 γεννηθὲν,
841 2636 919 2715 Θεός
936 2639 1034 2704 ἐστιν·
1065 2664 1080 2701 u
1093 2643 1178 2716 οὗτος
1196 2642 1233 2723 ἠν
1251 2642 1283 2705 ὲν

219 2769 236 2804 e
248 2741 350 2829 Ἀρχῇ
362 2746 436 2828 πρὸς
446 2747 497 2807 τον
509 2742 587 2807 Θεόν
602 2764 630 2803 u·
643 2742 736 2821 ἔδειξε
748 2746 801 2828 τὴν
813 2754 866 2828 τῆς
880 2745 1031 2832 προβολῆς
1047 2746 1141 2824 τάξιν·
1158 2771 1173 2808 u
1184 2747 1283 2810 πάντα

218 2875 235 2912 (ι
247 2848 285 2914 δι’
297 2852 390 2913 αὑτοῦ
402 2847 532 2934 ἐγένετο,
548 2851 602 2914 καὶ
613 2851 704 2935 χωρὶς
718 2851 810 2914 αὐτοῦ
826 2848 946 2934 ἐγένετο
957 2853 1026 2916 οὐδὲ
1038 2855 1072 2917 ἕν
1083 2877 1098 2914 u
1114 2875 1121 2890 ·
1139 2863 1213 2916 πᾶσι
1225 2856 1284 2938 γὰρ

212 2965 272 3034 τοῖς
283 2955 350 3040 μετ’
356 2958 446 3020 αὐτὸν
458 2956 553 3020 ΛίῶοΙ
567 2966 683 3041 μορφῆς
693 2959 746 3021 καὶ
756 2955 905 3041 γενέσεως
917 2959 1032 3034 αἶτιοςὸ
1042 2957 1141 3044 Λόγος
1153 2959 1282 3043 ἐγένετο.

213 3061 305 3128 Ἀλλ’
327 3063 375 3126 «b
392 3061 517 3146 γέγονεν
532 3063 564 3125 ἐν
579 3065 660 3146 αὐτῷ
674 3087 702 3144 u,
722 3065 805 3147 φησὶ,
827 3088 843 3124 u
855 3063 924 3147 Ζωή
944 3064 1024 3128 ἐστιν
1035 3087 1073 3126 u·
1098 3065 1210 3129 eruite
1232 3067 1284 3130 tuti

212 3205 299 3258 Deum
308 3207 340 3268 ι),
349 3216 406 3257 tum
420 3203 484 3257 unio
495 3203 576 3256 trium
590 3203 617 3257 in
630 3221 721 3256 unum.
776 3221 828 3276 quo
840 3208 909 3274 erat)
922 3218 948 3259 et
961 3206 1085 3276 Principii
1099 3224 1114 3258 a
1127 3207 1185 3260 Deo
1202 3209 1284 3278 (apud

213 3289 293 3342 Filius
313 3290 373 3342 loco
396 3289 520 3358 Principii
544 3288 603 3342 heic
629 3289 723 3342 callide
777 3306 854 3360 quem
874 3293 952 3358 erat).

212 3374 320 3444 ponitur
333 3385 360 3426 ut
373 3375 500 3426 transitus
519 3372 575 3426 fieri
591 3374 673 3444 possit
690 3373 722 3426 ad
813 3376 855 3444 (4)
875 3375 957 3444 igitur
985 3377 1120 3445 gnosticus
1141 3376 1178 3429 sic
1204 3377 1285 3429 inter·

212 3474 245 3511 ea
262 3473 330 3528 quae
348 3469 500 3528 sequuntur.
777 3458 883 3528 pungit:
894 3459 1052 3512 u...factum
1062 3460 1182 3512 estnihil.
1204 3460 1284 3523 Quod

250 3542 291 3610 (1)
312 3540 412 3594 idest:
438 3542 537 3594 etenim
560 3541 723 3612 Principium
781 3541 954 3596 «factumest
968 3545 1049 3608 ineu,
1068 3545 1122 3596 vita
1138 3556 1213 3597 est».
1245 3544 1284 3596 Ita

213 3642 326 3697 quoque,
336 3642 382 3679 seu
393 3625 482 3690 filius,
492 3626 520 3678 in
532 3643 585 3696 quo
595 3625 723 3690 Verbum,
778 3638 804 3680 et
813 3627 935 3680 Hernici.
945 3627 1068 3697 (Brooke,
1075 3646 1099 3697 p.
1114 3629 1285 3695 50·55)cuius

213 3723 271 3763 erat
291 3710 359 3781 apud
375 3710 472 3764 Deum.
777 3712 970 3781 expositionem
982 3712 1285 3783 utilitercumpraesenti

250 3799 293 3864 (2)
311 3796 382 3849 Nota
401 3813 481 3866 quam
497 3794 572 3850 facile
585 3809 611 3849 et
625 3795 722 3848 invicte
778 3795 905 3849 conferes.
942 3797 1058 3866 idipsum
1066 3796 1285 3850 testanturOuro.

213 3881 273 3934 heic
288 3897 350 3933 vera
363 3878 444 3933 Verbi
460 3881 585 3933 divinitas
600 3881 722 3932 ostendu—
777 3882 804 3932 r'n
815 3879 868 3934 lob.
881 3893 915 3933 tr.
928 3881 978 3945 111;
991 3881 1058 3934 Cin.
1074 3881 1123 3934 At.
1135 3893 1160 3934 et
1172 3883 1246 3934 Auo.
1258 3882 1285 3933 in

215 3964 428 4034 turagnostico.
464 3964 536 4017 Haec
549 3965 605 4034 ipsa
618 3977 722 4018 senten·
778 3965 805 4018 in
816 3967 841 4019 h.
858 3967 874 4018 l.
906 3967 941 4018 At
955 3983 1010 4036 cap.
1027 3965 1204 4036 XXI,1,ipse
1216 3966 1284 4018 lren.

213 4049 251 4102 tia
270 4052 366 4120 ap.Ei;
379 4051 511 4114 ἐπίδειξιν,
529 4065 562 4118 47
577 4055 615 4119 (p.
629 4047 675 4116 26)
686 4051 722 4102 le·
778 4049 813 4103 ita
833 4051 927 4120 legisse
945 4051 1058 4104 videtur.

214 4132 286 4204 gitur
300 4145 328 4186 ut
346 4133 476 4188 catholica
492 4134 659 4204 praedicatio.
812 4135 855 4200 (5)
874 4133 944 4204 Lege
962 4137 1090 4203 syzigiam
1110 4134 1155 4186 sci.
1180 4132 1285 4204 Logos-

250 4220 293 4287 (γ)
312 4217 330 4270 Ι,
350 4234 373 4271 e.
393 4217 473 4271 Verbi
493 4235 508 4270 a
527 4218 660 4288 Principio
682 4219 722 4286 (in
778 4219 836 4270 Zoe.
874 4217 928 4274 Csr.
948 4217 1010 4270 Exc.
1030 4218 1119 4271 Theoti.
1135 4217 1165 4271 6:
1182 4222 1222 4271 «ὃ
1240 4221 1286 4286 γό-
