3274 5100
190 511 288 577 (xxtl,
309 512 393 581 aaa]
583 515 674 561 arura
697 511 861 558 secunous
1193 490 1253 573 383

192 738 207 773 (ι
223 713 351 799 cupiunt
376 711 475 798 angeli
500 712 676 799 prospicere
692 711 766 792 »,(¹l
783 713 828 777 uti
853 708 973 778 discant
990 713 1143 799 quoniam
1163 734 1179 776 a
1204 711 1257 776 Nn

190 818 257 883 eius
276 818 387 892 Patris,
406 818 459 906 qui
479 839 572 904 super
591 817 699 884 omnia
717 833 774 898 est,
791 818 944 883 emissum
959 815 1112 896 Verbum,
1128 838 1258 882 caecum

189 925 355 1004 emissum,
378 922 409 989 id
434 939 480 988 est
504 924 653 1010 ignorans
678 923 804 990 Patrem
828 922 881 1010 qui
905 945 938 988 se
962 923 1085 989 emisit!

262 1049 310 1096 10.
335 1029 439 1120 [WH.
465 1029 577 1110 XXII,
601 1028 646 1119 4].
693 1029 731 1095 Et
750 1026 1032 1117 quemadmodum,
1052 1052 1072 1095 o
1096 1029 1258 1095 vanissimi

191 1136 359 1224 sophistae,
383 1137 452 1203 Nus
476 1136 588 1215 Patris,
612 1137 714 1202 immo
738 1137 831 1202 etiam
852 1151 882 1201 et
899 1137 964 1223 ipse
979 1136 1081 1214 Pater,
1100 1158 1198 1223 quum
1217 1137 1257 1200 sit

190 1244 260 1310 Nus
284 1260 314 1309 et
338 1242 492 1330 perlectus
516 1243 548 1308 in
571 1239 731 1324 omnibus,
747 1240 965 1329 imperfectum
982 1258 1012 1308 et
1028 1264 1157 1307 caecum
1174 1241 1258 1306 Aeo-

190 1374 265 1416 nem
289 1351 394 1416 emisit
413 1373 506 1416 suum
522 1350 645 1436 Logon,
661 1372 760 1437 quum
777 1349 875 1436 possit
895 1349 999 1414 statim
1018 1366 1049 1414 et
1063 1349 1256 1436 agnitionem

191 1459 291 1524 Patris
315 1481 387 1523 cum
412 1480 451 1523 eo
473 1457 635 1523 emittere?
681 1453 964 1538 Quemadmodum
986 1455 1150 1522 Christum
1169 1473 1256 1543 post-

190 1567 331 1652 genitum
344 1565 472 1652 quidem
482 1564 618 1651 reliquis,
631 1562 805 1651 perlectum
818 1580 922 1630 autem
935 1561 1037 1630 dicitis
1047 1565 1259 1645 emissum;(²l

191 1669 292 1736 multo
316 1671 417 1756 magis
436 1670 530 1756 igitur
553 1670 606 1757 qui
629 1686 676 1735 est
699 1691 737 1734 eo
761 1685 859 1734 aetate
884 1670 1060 1756 provectior
1084 1670 1202 1758 Logos,
1219 1668 1256 1735 ab

191 1775 303 1842 eodem
327 1777 379 1842 Nu
402 1775 557 1863 perfectus
581 1777 687 1864 utique
711 1777 917 1858 emitteretur,
937 1792 966 1841 et
981 1799 1045 1843 non
1062 1799 1187 1843 caecus:
1202 1800 1259 1842 nec

192 1883 242 1950 ille
266 1905 374 1948 rursus
397 1883 467 1971 plus
491 1905 610 1965 caecos,
634 1905 728 1970 quam
753 1907 797 1964 sc,
814 1885 940 1949 Aeonas
956 1885 1123 1966 emitteret,
1141 1883 1260 1973 quoad-

192 2013 290 2078 usque
322 1989 438 2077 Sophia
470 2006 572 2055 vestra
603 2012 726 2076 semper
750 2007 921 2072 excaecata,
952 2006 1071 2056 tantam
1101 1990 1259 2056 malorum

191 2093 281 2156 enixa
305 2107 352 2157 est
376 2091 592 2157 substantiam.
640 2090 834 2182 [Quonooo
858 2112 1036 2158 secunouu
1060 2113 1260 2160 nnenarrcos

191 2219 361 2265 votuaras
373 2199 490 2266 Parars
506 2219 682 2266 ravennon
700 2219 818 2265 rucrssu
835 2219 1061 2266 rononanrrau
1075 2219 1115 2266 Ετ
1128 2199 1258 2290 arenul.

191 2306 229 2371 Et
242 2305 334 2370 huius
347 2306 484 2372 malitiae
500 2322 654 2372 causaest
670 2306 761 2372 Pater
776 2323 896 2372 vester:
911 2305 1159 2394 magnitudinem
1173 2307 1258 2372 enim

192 2429 222 2477 et
244 2413 393 2479 virtutem
426 2413 527 2478 Patris
560 2435 668 2478 causas
698 2413 891 2500 ignorantiae
922 2435 990 2478 esse
1013 2410 1127 2492 dicitis,
1154 2412 1259 2499 Bytho

192 2520 398 2586 assimilantes
422 2543 507 2600 eum,
531 2537 561 2586 et
580 2541 696 2586 nornen
714 2517 773 2584 hoc
790 2521 819 2584 ei
835 2537 1026 2607 apponentes
1041 2517 1259 2586 innominabili

192 2627 319 2692 Panto)
378 2626 412 2693 si
436 2644 541 2693 autem
565 2627 739 2714 ignorantia
765 2626 896 2708 malum,
919 2629 1027 2692 omnia
1050 2643 1153 2693 autem
1179 2627 1260 2692 mala

191 2756 228 2798 ex
251 2756 287 2799 ea
309 2731 455 2800 floruisse
488 2731 633 2814 definitis,
657 2731 750 2798 huius
781 2749 885 2798 autem
910 2755 1036 2799 causam
1072 2732 1262 2821 magnitudi-

192 2863 265 2906 nem
285 2856 315 2905 et
338 2841 486 2906 virtutem
515 2840 616 2906 Patris
637 2837 786 2919 dicentes
811 2839 967 2906 malorum
1002 2838 1153 2906 factorem
1185 2864 1259 2908 eum

192 2945 366 3012 ostenditis.
413 2944 447 3012 ld
467 2947 568 3012 enim:
585 2945 669 3033 quod
686 2969 750 3011 non
766 2948 902 3033 potnerit
918 2947 1122 3034 contemplari
1138 2950 1261 3035 magni·

192 3053 334 3128 tudinem
369 3055 446 3136 eius,
458 3053 491 3106 (4)
525 3045 664 3120 causam'
685 3052 788 3121 dicitis
824 3055 909 3120 mali.
979 3055 1039 3122 Sed
1073 3056 1098 3120 si
1132 3053 1259 3144 quidem

192 3159 386 3247 impossibile
403 3177 467 3227 erat
486 3161 709 3242 patrinorum
726 3163 929 3249 semetipsum
946 3161 984 3228 ab
1000 3163 1090 3228 initio
1106 3160 1165 3243 his,
1181 3185 1260 3250 quae

193 3264 230 3331 ab
253 3291 292 3334 eo
316 3265 395 3333 facta
418 3284 501 3349 sunt,
527 3266 636 3349 lacere,
660 3266 873 3335 inincusabilis
889 3287 963 3350 erat,
983 3270 1036 3358 qui
1056 3292 1120 3336 non
1139 3285 1260 3356 poterat

193 3373 403 3460 ignorantiam
427 3372 548 3440 auferre
575 3397 686 3441 eorum
710 3375 763 3463 qui
787 3392 858 3463 post
882 3399 915 3442 se
947 3393 1029 3442 sunt.
1087 3376 1121 3442 Si
1153 3392 1258 3441 autem

229 3571 271 3638 (r)
286 3569 396 3634 lPer.l,
411 3585 440 3624 12
451 3575 489 3634 εἰς
499 3573 516 3622 ᾱ
528 3583 556 3623 ut
567 3571 594 3622 in
604 3587 699 3640 graeca
753 3572 805 3625 tius
830 3589 885 3642 sup.
911 3590 932 3626 c.
952 3587 1000 3636 x11,
1019 3573 1035 3626 8
1058 3573 1112 3626 «in
1131 3573 1259 3644 Bythum,

193 3671 246 3707 non
264 3674 277 3704 a
288 3654 314 3707 in
328 3671 429 3726 quemn
445 3667 474 3708 ut
485 3653 562 3726 Vulg.
577 3655 663 3708 habet.
758 3675 771 3704 «
780 3657 806 3710 h.
814 3672 846 3718 e.,
857 3658 882 3708 in
893 3655 919 3708 id
928 3655 992 3726 quod
1003 3673 1052 3708 non
1061 3656 1257 3726 esl‚dissipato»

229 3741 270 3807 (2)
290 3739 344 3792 Clr.
364 3757 433 3809 supr.
452 3755 511 3804 xrv,
524 3757 540 3810 9
553 3751 579 3793 et
595 3739 653 3805 1,11‚
667 3738 699 3794 6:
754 3751 780 3794 et
798 3739 844 3793 cfr.
863 3753 892 3793 rx
912 3739 956 3792 fin.
973 3757 1034 3793 cum
1048 3751 1104 3794 not.
1121 3756 1144 3805 1,
1158 3758 1183 3810 p.
1203 3755 1260 3810 339.

196 3845 208 3872 u
220 3822 438 3893 perfectissimum
458 3824 581 3877 decorem
609 3841 698 3894 quem·
788 3826 831 3891 (4)
851 3823 904 3877 Clr.
925 3823 945 3889 1,
961 3839 988 3888 11,
1009 3839 1039 3877 2:
1062 3824 1172 3878 «voluit
1188 3826 1261 3878 enim

197 3908 282 3961 «dam
310 3921 335 3962 et
363 3909 435 3962 sidus
453 3909 620 3975 Pleromatis,
642 3927 699 3980 per·
757 3908 993 3980 «magnitudinem
1015 3910 1070 3962 eius
1089 3911 1262 3979 comprehen-

196 3991 317 4046 «fectum
337 3992 451 4046 fructum
470 3993 594 4046 lesum».
757 3994 849 4047 «dere.
884 3993 987 4046 Dehinc
1015 4010 1096 4064 quum
1122 4009 1177 4046 non
1205 4011 1263 4064 pos-

230 4079 272 4144 (3)
290 4079 381 4141 untur
396 4093 441 4130 seu
457 4079 567 4149 abyssus
580 4078 612 4131 de
624 4077 699 4148 igno·
757 4097 770 4126 «
781 4088 828 4142 set,
847 4077 974 4149 quoniam
993 4076 1183 4146 impossibilem
1206 4094 1262 4129 rem

193 4162 278 4214 rantia
294 4162 480 4231 meliusquam
495 4162 526 4215 de
540 4160 699 4232 perfectione
757 4163 976 4232 «aggrederetur,
1008 4160 1035 4213 in
1068 4177 1165 4231 magna
1200 4178 1262 4230 ago-

193 4247 296 4299 dicitur.
333 4246 387 4300 Csr.
408 4245 452 4299 fin.
466 4263 488 4300 c.
502 4261 581 4311 xtrrr,
596 4247 637 4300 vel
654 4263 699 4318 po-
757 4248 825 4298 unia
845 4258 929 4300 etna.
