3238 5090
190 470 451 535 ‹xxxv-xxxvl,
472 473 521 542 aa]
587 473 676 522 Ltsett
699 473 862 520 secunous
1191 470 1254 536 419

189 668 368 735 cubitorum
399 687 558 756 exponunt
590 686 716 758 propter
744 665 894 736 decadem
923 670 1081 734 Aeonum.
1141 693 1157 728 «
1173 667 1257 732 Lati-

193 802 208 838 «
226 775 302 842 tudo
325 792 430 842 autem
462 776 554 842 unius
583 792 614 843 et
642 775 763 843 dimidii
792 773 887 842 cubiti
914 790 979 842 erat
1012 774 1256 860 uniuscuiusque

196 908 211 944 a
220 881 408 948 columnae»
418 883 465 964 ,<¹l
477 905 541 949 non
554 884 617 949 iarn
630 899 799 971 exponunt,
816 903 916 972 neque
929 903 1097 948 numerum
1110 881 1256 946 omnium

190 989 423 1072 columnarum,
446 1013 546 1079 neque
566 1013 706 1058 serarum
722 1013 842 1072 earum,
857 991 1007 1078 quoniam
1022 1013 1087 1056 non
1110 1012 1257 1056 commu-

189 1098 272 1162 nicat
302 1114 489 1186 argumento
523 1121 645 1164 eorum.
691 1096 779 1180 Quid
811 1113 915 1164 autem
947 1096 1054 1164 oleum
1089 1097 1256 1178 unctionis,

189 1199 272 1290 quod
292 1225 388 1269 omne
403 1185 639 1270 tabernaculitm
654 1201 879 1270 sanctificavit?
926 1203 1071 1270 Fortasse
1086 1201 1174 1268 latuit
1190 1201 1257 1268 Sal-

190 1324 344 1389 vatorem,
367 1326 420 1376 aut
442 1308 618 1376 dormiente
642 1309 743 1375 Matre
761 1331 873 1375 eorum
897 1309 1091 1395 Demiurgus
1110 1330 1126 1372 a
1142 1323 1258 1374 semet-

191 1417 259 1502 ipso
286 1414 324 1482 de
348 1413 485 1505 pondere
501 1417 668 1505 praecepit!
727 1413 819 1482 Unde
844 1431 874 1481 et
899 1413 1040 1482 dissonat
1055 1411 1093 1480 ad
1109 1414 1257 1480 Pleroma

190 1545 316 1590 eorum:
341 1546 489 1611 smyrnae
507 1523 633 1612 quidem
658 1521 775 1590 habens
791 1523 885 1589 siclos
900 1523 1099 1612 quingentos,
1123 1521 1206 1587 ireos
1223 1542 1256 1600 u,

192 1629 385 1695 cinnamomi
399 1649 469 1710 εει,
483 1629 638 1696 calamisci
655 1649 726 1710 εει,
742 1646 773 1694 et
789 1628 968 1717 superhaec
983 1629 1101 1709 oleum,
1113 1629 1155 1694 ita
1171 1643 1205 1693 ut
1220 1651 1257 1692 ex

190 1736 326 1824 quinque
342 1735 624 1803 commixtionibus
639 1735 829 1802 subsistat.(²>
867 1735 905 1802 Et
917 1736 1082 1802 incensum
1094 1751 1199 1802 autem
1216 1735 1259 1800 si-

191 1842 308 1908 militer
318 1841 357 1908 de
370 1859 476 1925 stacte,
491 1859 521 1909 et
533 1843 658 1932 ungula,
670 1859 700 1910 et
712 1842 856 1930 galbano,
868 1859 898 1910 et
911 1840 1099 1930 hedyosmo,
1112 1859 1143 1909 et
1154 1842 1257 1924 thure,

191 1972 268 2037 quae
289 1950 321 2014 in
340 1947 426 2016 nullo
445 1951 681 2016 communicare
697 1967 828 2038 possunt
847 1970 946 2038 neque
966 1947 1256 2028 commixtionibus,

190 2077 290 2142 neque
315 2053 463 2142 pondere,
486 2071 672 2143 argumento
696 2053 860 2121 commit)
905 2051 1010 2146 [WH.
1034 2055 1194 2136 XXXVI,
1213 2052 1256 2144 1].

192 2161 368 2242 Quonooo
399 2181 497 2228 ouius
527 2182 677 2230 uumeeus
700 2181 866 2230 constane
891 2181 1008 2228 eoresr
1037 2183 1078 2228 ex
1103 2161 1258 2228 Scauru-

192 2287 247 2350 ιιι,
279 2289 319 2333 ιτ
351 2289 451 2334 treus
481 2288 547 2334 otct
579 2289 677 2335 ounts
707 2289 897 2336 annumerent
929 2289 970 2334 ιτ
1004 2289 1157 2344 Quoutau
1188 2289 1256 2336 uon

192 2395 295 2440 Possm
325 2395 491 2442 constans
523 2397 580 2442 pen
611 2395 762 2442 numeros
784 2395 926 2444 νιιιτιε.
975 2373 1188 2442 Irrationabile
1211 2392 1258 2442 est

191 2501 267 2568 ergo
290 2498 321 2548 et
344 2483 478 2547 omnino
501 2483 705 2564 rusticanum,
729 2483 762 2548 in
781 2480 967 2548 sublimibus
990 2481 1118 2570 quidem
1142 2498 1173 2548 et
1196 2482 1258 2547 ele-

191 2583 384 2672 gantioribus
400 2587 493 2675 Legis
507 2609 571 2653 non
588 2603 728 2654 servatos
747 2610 815 2652 esse
830 2603 937 2676 typos:
955 2589 1127 2654 incaeteris
1142 2604 1257 2668 autem,

192 2693 289 2758 sicubi
312 2695 424 2781 aliquis
448 2717 599 2760 numerus
622 2695 779 2760 concurrit
798 2717 871 2760 cum
895 2694 1041 2783 hisquae
1064 2697 1121 2783 ipsi
1139 2694 1258 2774 dicunt,

191 2815 284 2886 typus
303 2823 371 2866 esse
390 2822 568 2866 asseverare
587 2822 699 2866 eorum
715 2823 794 2888 quae
810 2817 882 2866 sunt
901 2801 934 2866 in
958 2801 1144 2883 Pleromate,
1159 2823 1258 2888 quum

192 2907 297 2972 omnis
319 2931 471 2974 numerus
494 2907 661 2974 multifarie
691 2909 724 2973 in
748 2907 914 2995 Scripturis
938 2909 978 2974 sit
1000 2910 1135 2995 positus:
1160 2911 1201 2975 ita
1225 2926 1259 2974 ut

193 3015 290 3099 possit
312 3017 366 3101 qui
390 3015 474 3097 uelit,
505 3039 570 3081 non
602 3015 706 3081 solum
730 3017 965 3082 octonationem
992 3033 1021 3082 et
1048 3013 1196 3083 decadem
1229 3033 1259 3083 et

192 3119 380 3202 duodecade,
394 3121 448 3188 sed
460 3119 630 3209 quemlibet
642 3145 680 3187 ex
694 3123 863 3209 Scripturis
876 3124 1066 3188 constituere
1078 3145 1259 3205 numerum,

191 3242 222 3292 et
246 3225 327 3293 ltunc
352 3245 464 3316 typum
484 3253 553 3295 esse
576 3231 783 3296 commentati
807 3254 823 3295 a
848 3253 880 3296 se
905 3232 1031 3297 erroris.

259 3358 289 3420 4.
314 3335 417 3427 [WH.
442 3336 600 3418 XXXVI,
626 3335 669 3426 2].
717 3337 802 3418 Quia
834 3355 938 3404 autem
970 3337 1030 3404 hoc
1062 3361 1172 3404 verum
1201 3355 1259 3416 cst,

193 3463 343 3508 numerus
367 3443 424 3508 iste
447 3443 500 3530 qui
523 3444 660 3532 quinque
683 3443 807 3525 dicitur,
840 3445 872 3510 in
900 3444 989 3511 nullo
1019 3445 1259 3511 communicans

192 3566 378 3636 argumento
409 3572 531 3632 eorum,
554 3573 611 3616 nec
643 3571 833 3616 concurrens
865 3549 1018 3638 figmento
1048 3574 1170 3632 eorum,
1202 3573 1259 3617 nec

228 3787 269 3850 (ι)
287 3784 341 3838 Clr.
367 3785 387 3850 l,
414 3801 493 3847 xvttt,
525 3801 535 3854 3
565 3787 652 3855 (ibid.)
671 3799 697 3840 et
751 3801 819 3840 tates
834 3789 982 3858 parvisunt
997 3789 1137 3854 momenti,
1152 3789 1185 3842 de
1204 3789 1260 3860 qui-

193 3865 273 3919 Exnl.
292 3867 391 3932 XXVI,
410 3867 449 3922 16.
752 3873 799 3925 bus
815 3871 860 3924 clr.
876 3872 1117 3926 Commentatores.

228 3953 268 4022 (2)
294 3952 334 4005 De
358 3954 417 4006 oleo
441 3966 466 4007 et
491 3955 524 4007 de
547 3967 697 4008 aromatum
787 3957 829 4024 (3)
848 3956 906 4026 Ap..
922 3953 1001 4009 Exod.
1020 3955 1106 4022 XXX,
1131 3973 1162 4026 34
1181 3955 1260 4026 Vulg.

193 4037 308 4106 pondere
321 4036 454 4092 clnlixod.
465 4038 550 4104 XXX,
561 4055 591 4109 23
604 4057 640 4110 sq.
655 4040 698 4092 ubi
752 4040 882 4094 habentur
897 4052 1022 4093 «stacten
1034 4055 1060 4095 et
1072 4042 1186 4113 onycha,
1205 4043 1261 4112 gal-

192 4119 229 4171 sic
239 4132 351 4173 exstant:
362 4123 486 4193 myrrhae
497 4138 523 4188 o,
536 4123 698 4176 cinnamomi
757 4124 877 4175 rabanum
892 4123 953 4176 boni
969 4124 1057 4176 odoris
1074 4125 1141 4192 (sic),
1160 4125 1260 4177 thus...

194 4218 252 4268 εει,
270 4204 356 4257 casiae
374 4221 400 4272 n,
419 4207 470 4259 olei
490 4223 498 4260 1
516 4207 570 4259 hin.
607 4205 699 4260 Varie·
757 4207 882 4278 «aequali
901 4207 1054 4278 pondere».
