3288 5060
347 437 411 520 236
637 450 765 498 insuam
788 449 948 497 inversos
971 449 1126 496 naereses
1296 446 1412 517 [xxm

407 673 436 738 3.
483 649 588 741 [WH.
607 647 701 730 XIV,
722 647 767 738 al.
806 649 911 731 Quor
940 649 1137 713 uont'suua
1159 666 1245 712 aeon
1277 666 1335 712 eos
1358 667 1416 712 an-

342 776 550 824 otuntmouts.
597 753 738 836 Quidam
762 756 848 820 enim
868 776 906 820 ex
924 755 999 841 ipsis
1019 753 1163 840 sponsale
1185 751 1368 820 cubiculum
1380 753 1415 806 (Ι)

342 864 501 954 quoddam
520 861 673 950 adaptant,
696 877 727 927 et
749 861 837 950 quasi
861 861 1035 948 mysticum
1053 858 1223 926 conficiunt
1246 882 1321 926 cum
1343 859 1416 947 qui-

343 966 475 1037 busdam
504 963 644 1057 profanis
674 965 863 1035 dictionibus
895 967 944 1033 his
975 968 1029 1055 qui
1060 982 1230 1050 sacrantur,
1263 982 1293 1032 et
1321 966 1415 1053 spiri-

342 1077 418 1143 tales
447 1077 571 1164 nuptias
595 1073 702 1141 dicunt
730 1096 800 1140 esse
827 1072 858 1140 id
884 1071 970 1162 quod
993 1072 1032 1139 ab
1061 1073 1135 1160 ipsis
1161 1070 1207 1154 fit,
1238 1070 1413 1142 secundum.

342 1181 581 1249 similitudinem
602 1201 807 1268 supernarum
831 1180 1100 1268 coniugationum.
1147 1178 1210 1246 Alii
1234 1194 1340 1244 autem
1358 1176 1414 1245 ad-

340 1286 459 1354 ducunt
482 1286 519 1354 ad
551 1309 674 1374 aquam,
698 1302 728 1352 et
758 1284 945 1373 baptizantes
976 1285 1018 1351 ita
1040 1283 1164 1351 dicunt:
1191 1310 1207 1346 ιι
1226 1283 1262 1350 ln
1292 1306 1414 1350 nornen

343 1421 358 1458 ι
378 1393 530 1481 incogniti
543 1393 644 1458 Patris
656 1393 814 1475 omnium,
827 1393 860 1458 in
871 1393 1047 1459 Veritatem
1060 1407 1194 1457 matrem
1205 1389 1365 1472 omnium,
1378 1390 1412 1456 in

339 1527 355 1564 ιι
375 1497 618 1567 descendentem
633 1497 694 1588 [in]
714 1499 818 1564 Iesum
831 1498 869 1565 ad
888 1499 1064 1566 unitionem
1081 1496 1126 1588 [et
1141 1494 1409 1586 redemptionem]

339 1633 355 1670 ιι
371 1623 401 1673 et
421 1607 685 1673 communionem
713 1607 878 1672 virtutum.
891 1632 906 1668 υ
919 1605 953 1660 (²)
993 1605 1057 1671 Alii
1079 1620 1186 1671 autem
1209 1619 1240 1669 et
1262 1601 1409 1670 hebraica

328 1715 461 1781 nomina
477 1711 726 1802 superlantur‚(³l
741 1728 775 1778 ut
791 1713 912 1800 stupori
929 1713 1001 1794 sint,
1020 1712 1071 1777 vel
1085 1710 1261 1778 deterreant
1278 1732 1334 1776 eos
1353 1712 1409 1798 qui

333 1837 504 1904 sacrantur,
518 1821 576 1887 sic:
596 1847 612 1884 ιι
624 1820 795 1907 Basymma
808 1819 977 1886 cachabasa
989 1841 1085 1886 eauaa
1099 1819 1250 1885 uramista
1260 1817 1409 1886 diarvada

407 2089 436 2154 3.
460 2068 499 2134 Ol
513 2071 568 2155 μὲν
583 2073 642 2154 γὰρ
657 2071 754 2133 αὐτῶν
776 2077 919 2152 νυμφῶνα
935 2067 1212 2151 κατασκευάζουσι,
1230 2069 1284 2131 καὶ
1297 2089 1411 2152 μυστα-

338 2177 451 2262 γυνγίαν
467 2177 638 2242 ἐπιτελοῦσι
654 2175 717 2262 μετ’
734 2172 916 2260 ἑπιρῤήσεοίν
932 2195 1017 2239 τινων
1032 2184 1092 2252 τοῖς
1110 2173 1336 2258 τελειουμένας,
1355 2177 1409 2238 καὶ

337 2287 537 2367 πνευματικὸν
548 2283 647 2368 γάμον
657 2283 826 2368 φάσκουσιν
839 2283 912 2345 εἶναι
925 2283 961 2345 τὸ
976 2279 1027 2344 ὑπ’
1042 2282 1141 2345 αὐτῶν
1151 2279 1315 2365 γινόμενον,
1327 2283 1409 2345 κατὰ

337 2393 391 2474 τὴν
412 2389 574 2474 ὁμοιότητα
589 2399 648 2454 τῶν
663 2391 724 2452 ἄνω
740 2389 896 2473 συζυγιῶν.
943 2385 982 2452 Οἱ
998 2389 1031 2450 δὲ
1047 2389 1171 2472 ἄγουσιν
1186 2385 1234 2470 ἐφ’
1250 2388 1338 2472 ὕδωρ,
1354 2389 1408 2451 καὶ

338 2497 527 2585 βαπτίζοντες
550 2499 642 2574 οὕτως
660 2493 866 2580 ἐπιλέγουσιν·
897 2518 912 2554 ιι
927 2493 980 2571 Εἰς
999 2496 1095 2578 ὄνομα
1114 2493 1269 2578 ἀγνώστου
1288 2492 1408 2578 Πατρος

344 2630 359 2666 ιι
370 2615 429 2670 τῶν
447 2605 535 2686 ὅλων,
554 2604 596 2680 εἰς
615 2602 787 2687 Ἀλήθειαν
805 2600 921 2688 μητέρα
939 2599 1068 2683 πάντων,
1087 2599 1129 2677 εἰς
1146 2604 1198 2665 τὸν
1214 2600 1408 2666 κατελθόντα

339 2737 355 2774 ι
370 2711 412 2788 εἰς
431 2710 562 2794 Ἰησοῦν,
575 2711 616 2786 εἰς
635 2711 740 2774 ἕνωσιν
756 2709 810 2772 καὶ
824 2707 1031 2791 ἀπολύτρωσιν
1048 2711 1101 2771 καὶ
1118 2705 1272 2770 κοινωνίαν
1286 2715 1344 2771 τῶν
1359 2705 1407 2770 δυ-

339 2844 355 2881 ιι
370 2817 488 2902 ναμεων
499 2843 530 2881 υ.
569 2815 682 2880 Ἀλλοι
700 2816 734 2878 δὲ
753 2813 880 2900 ἑβραϊκά
897 2834 962 2876 τινα
980 2812 1113 2896 ὀνόματα
1131 2811 1313 2896 ἐπιλέγουσι,
1332 2815 1406 2897 πρὸς

336 2929 371 2989 τὸ
394 2924 509 3010 μᾶλλον
531 2920 723 3006 καταπλῆξαι
746 2925 814 2997 τοὺς
843 2917 1077 3004 τελειουμένους,
1091 2917 1094 3007 l
1110 2921 1220 2996 οὕτως·
1250 2943 1265 2980 ιι
1277 2919 1406 3005 Βασεμᾰ

371 3169 467 3238 (ι)Ηί
488 3168 560 3222 enim
583 3168 648 3220 ritus
671 3165 842 3220 redemtionis
934 3168 977 3235 (τ)
989 3165 1059 3220 Usus
1072 3166 1179 3237 linguae
1191 3165 1311 3238 syriacae
1321 3178 1348 3220 et
1357 3166 1404 3222 he·

336 3254 495 3307 adumbrant
508 3253 656 3323 ingressum
672 3252 701 3304 in
719 3251 842 3304 Pleroma
897 3253 1000 3306 braicae
1024 3253 1052 3305 in
1075 3251 1196 3306 formulis
1219 3253 1330 3324 magicis
1353 3251 1403 3307 fre-

336 3336 590 3407 c.VIidescriptum;
599 3334 644 3389 csr.
651 3353 675 3406 p.
686 3347 809 3400 241‚not.
818 3349 840 3386 2.
896 3355 979 3409 quens
985 3337 1161 3401 estllamcn,
1174 3339 1191 3391 l.
1201 3354 1224 3392 c.
1235 3355 1259 3410 p.
1267 3337 1371 3410 96,not.
1381 3353 1403 3404 5,

336 3421 431 3474 Graec.
448 3437 529 3491 usque
545 3420 578 3473 ad
590 3419 593 3490 l
606 3437 647 3490 ap.
662 3419 726 3473 Eus.
740 3417 786 3483 1V,
803 3433 841 3471 ιι.
896 3424 994 3492 allegat
1014 3439 1081 3492 quae
1105 3423 1230 3492 leguntur
1252 3421 1279 3476 in
1302 3423 1402 3476 duobus

370 3507 413 3574 (2)
428 3504 536 3558 Bnaues
549 3505 673 3574 opinatur
685 3503 746 3557 hinc
760 3502 842 3573 suspi-
896 3507 1003 3578 papyris
1012 3505 1122 3577 magicis
1132 3506 1201 3576 apud
1209 3505 1343 3560 Wessetr
1354 3507 1402 3560 118

334 3589 388 3642 cari
407 3604 483 3660 posse
503 3587 647 3658 primordia
662 3587 779 3660 symboli
797 3587 842 3641 ba·
899 3601 926 3642 et
945 3589 1013 3654 426:
1030 3591 1085 3656 ἐγώ
1100 3593 1152 3656 aiut
1167 3591 1403 3658 ὁλπυιαλουμτνός

335 3673 464 3744 ptismalis
483 3676 549 3725 haec
568 3671 661 3726 fuisse:
686 3671 796 3725 «Credo
814 3671 841 3724 in
897 3691 928 3726 σι
942 3677 1068 3740 συριστὶ
1083 3676 1149 3727 θοὸν
1161 3677 1299 3742 μίμνῃ..
1312 3678 1359 3728 καὶ
1371 3677 1403 3728 σὺ

338 3756 476 3821 «Patrem,
497 3767 522 3808 et
544 3755 650 3820 Filium,
671 3767 696 3808 et
716 3755 842 3824 Spiritum
898 3763 933 3826 μὴ
948 3761 1121 3826 παρακούσῃς
1131 3763 1179 3827 τὴν
1193 3762 1283 3830 φωνὴν
1296 3762 1402 3826 λβραι-

337 3861 350 3889 ιι
360 3840 496 3904 Sanctum,
506 3839 534 3891 in
544 3857 626 3892 unam
635 3839 791 3904 Ecclesiam,
802 3855 843 3891 re·
897 3848 961 3896 στι.
971 3873 989 3882 -
998 3843 1108 3912 ποίησον
1120 3845 1151 3896 τὸ
1160 3851 1269 3912 πρᾶγμα
1278 3848 1319 3898 ὅτι
1330 3847 1402 3917 ἐξορ-
1502 3867 1503 3872 =

337 3925 515 3980 «missionem
531 3937 709 3995 peccatorum,
722 3939 842 3976 commu·
896 3927 1402 3999 κὶζυσικατὰτῆςέβραικῆςφιινῆς.

335 4031 348 4059 ιι
359 4011 468 4063 nionem
482 4020 668 4074 sanctorum»,
678 4026 772 4062 verum
783 4009 845 4061 sub·
896 4011 936 4064 De
947 4011 1118 4081 inspiratione
1128 4011 1293 4066 Marcosiana
1306 4013 1402 4066 horum

332 4093 700 4148 tilioridiscursusaltemtria
708 4105 841 4163 postrema
896 4112 988 4166 papyr.
1004 4095 1050 4149 cl'r.
1066 4095 1204 4161 Laetantes,
1216 4097 1310 4168 Papyri
1318 4113 1402 4168 graec.

333 4177 512 4249 quodattinet.
527 4177 840 4248 (larun.o.ilaSt.1906),
875 4235 880 4244 ,
897 4177 1402 4249 anatsea'Lugd.Batav.,ib.1885‚lntrod.
