3288 5060
317 407 380 491 256
604 425 733 472 rnunner
757 426 918 472 novemus
941 427 1095 473 naereses
1205 423 1377 493 [XXIV‚3-5

309 619 505 688 deformasse
535 620 680 688 caelum:
709 638 739 687 et
772 647 788 689 a
815 623 914 688 tertio.
941 620 1092 688 deorsum
1123 619 1381 687 descendentium

311 743 468 813 quartum,
481 743 511 794 et
523 727 679 816 deinceps,
696 728 870 795 secundum
884 751 958 794 eum
972 727 1117 810 modum,
1133 729 1247 794 alteros
1259 744 1289 794 et
1305 728 1382 795 alte-

311 853 365 898 ros
379 835 532 922 principes
548 850 578 899 et
594 835 723 922 angelos
743 833 842 901 factos
858 857 927 901 esse
944 833 1063 915 dicunt,
1077 849 1107 900 et
1124 834 1227 900 caelos
1243 855 1380 900 cccuxv.

313 939 513 1027 Quapropter
537 957 566 1007 et
590 957 637 1006 tot
660 941 725 1008 dies
743 941 857 1008 habere
876 965 994 1008 annum
1014 941 1187 1007 secundum
1205 937 1381 1008 ¹numerum

312 1045 521 1112 caelorum>
663 1046 668 1056 ’
1245 1041 1247 1046 ’

380 1175 410 1238 4.
435 1151 539 1242 [WH.
563 1154 656 1234 XIX,
683 1153 728 1244 2].
786 1154 849 1221 Eos
871 1173 988 1236 autem,
1015 1155 1068 1243 qui
1095 1156 1250 1243 posterius
1281 1157 1382 1221 conti-

313 1259 429 1326 nent<²)
456 1259 577 1326 caelum
602 1261 740 1348 angelos,
763 1259 848 1348 quod
867 1263 961 1328 etiam
986 1285 1003 1328 a
1027 1260 1117 1328 nobis
1140 1259 1274 1342 videtur,
1305 1284 1382 1328 con*

313 1353 449 1432 stituisse
467 1391 502 1433 ea
521 1383 686 1455 quaesunt
705 1369 737 1432 in
752 1367 873 1434 mundo
892 1369 1010 1448 omnia,
1026 1384 1057 1433 et
1070 1384 1172 1456 partes
1191 1367 1250 1434 sibi
1270 1367 1381 1434 fecisse

311 1489 421 1554 terrae,
436 1490 465 1538 et
481 1496 589 1539 earum
605 1495 684 1560 quae
700 1496 791 1560 super
807 1496 877 1540 earn
897 1491 969 1540 sunt
984 1475 1136 1561 gentium.
1182 1475 1259 1540 Esse
1275 1490 1381 1541 autem
1460 1545 1468 1560 .

312 1579 484 1667 principem
508 1579 649 1666 ipsorum
665 1602 750 1660 eum,
772 1580 825 1667 qui
849 1579 1035 1646 Iudaeorum
1055 1595 1179 1666 putatur
1198 1602 1266 1646 esse
1282 1580 1379 1645 Deus.

311 1685 349 1750 Et
365 1687 515 1771 quoniam
540 1685 589 1750 hic
614 1686 678 1750 suis
698 1684 890 1769 hominibus,
909 1683 940 1752 id
955 1703 1003 1752 est
1021 1686 1153 1766 IudaeiS,
1168 1686 1269 1752 voluit
1284 1685 1381 1752 subii-

312 1813 381 1858 cere
395 1793 527 1879 reliquas
543 1809 662 1880 gentes,
682 1792 819 1880 reliquos
835 1816 947 1859 omnes
965 1794 1119 1882 principes
1135 1809 1242 1859 contra
1257 1795 1380 1860 stetisse

313 1900 340 1964 ei
373 1915 403 1964 et
435 1883 552 1965 contra*
574 1900 684 1986 egisse.
746 1899 946 1988 Quapropter
978 1915 1009 1965 et
1032 1900 1168 1987 reliquae
1194 1898 1381 1966 resiluerunt

313 2021 420 2090 gentes
436 2005 503 2069 eius
518 2005 614 2091 genti.
657 2004 804 2070 Innatum
822 2021 927 2070 autem
946 2021 977 2071 et
993 2001 1226 2070 innominatum
1242 2005 1380 2086 Patrem,

313 2110 471 2178 ridentem
496 2110 702 2198 perditionem
719 2111 872 2198 ipsorum,
888 2111 1014 2176 misisse
1036 2111 1285 2199 primogenitum
1304 2112 1380 2178 Nun

312 2239 416 2296 suum,
432 2235 461 2282 et
478 2216 559 2284 hunc
583 2241 651 2284 esse
667 2220 720 2306 qui
736 2217 849 2312 dicitur
869 2217 1059 2298 Christus‚(³)
1074 2219 1107 2283 in
1121 2217 1294 2284 libertatem
1314 2239 1381 2283 cre-

311 2324 452 2391 dentium
476 2327 503 2392 ei
531 2349 548 2392 a
573 2342 725 2414 potestate
748 2349 859 2410 eorum
882 2327 937 2412 qui
961 2325 1117 2392 mundum
1141 2323 1379 2392 fabricaverunt.

349 2553 390 2616 (ι)
404 2549 477 2604 llree.
485 2551 564 2603 haber
574 2556 621 2604 καί
630 2538 676 2612 ἷξε
685 2555 822 2618 οὐρανούς,

313 2639 360 2686 καί
373 2639 418 2688 τὀν
428 2637 512 2701 μέγαν
525 2639 643 2705 ἄρχοντα
657 2640 744 2690 αὐτῶν
754 2642 822 2690 εἰναι

312 2722 358 2772 τὀν
377 2721 510 2784 Ἀβρασάξ
529 2723 622 2772 διὰτὸ
641 2725 775 2788 περιέχειν
791 2725 821 2774 τὸ

314 2811 396 2874 ὄνομα
411 2810 491 2862 αὐτοῦ
507 2813 598 2876 ψῆφον
613 2797 658 2872 ἷξε
669 2815 764 2865 ....καῑ
777 2814 821 2862 διὰ

313 2896 412 2946 τούτων
422 2897 467 2947 τὸν
477 2896 596 2946 ἐνιαυτὸν
608 2898 748 2959 τοσαύταις
756 2897 821 2961 ἡμὲ-

313 2995 369 3042 ραις
383 2981 538 3032 συνεστάναι
551 2977 622 3048 [VIL
637 2979 692 3048 26],
703 2997 770 3050 quae
782 2980 822 3032 vi-

314 3063 409 3114 dentur
421 3079 478 3115 esse
490 3063 669 3132 praesentium
685 3064 821 3134 allegatio·

314 3163 385 3208 nem,
404 3147 551 3200 dummodo
561 3160 621 3218 post
634 3169 647 3198 ιι
656 3148 733 3200 coelos
744 3147 777 3215 36
778 3163 794 3214 5
803 3169 817 3198 n

313 3247 425 3300 reponas
444 3232 514 3301 quod
534 3233 561 3284 in
579 3233 651 3285 calce
673 3233 766 3302 capitis
784 3234 821 3286 le·

314 3316 396 3384 gitur:
424 3333 506 3368 «esse
520 3329 609 3368 autem
626 3317 769 3388 principem
790 3318 821 3369 il-

318 3421 330 3448 «
341 3402 426 3453 lorum
436 3403 552 3468 ἀβράσαξ
562 3413 587 3454 et
598 3403 761 3472 propterlroc
771 3401 817 3470 365

318 3501 465 3538 «numeros
488 3485 585 3538 habere
609 3485 637 3538 in
661 3502 689 3538 se
701 3507 727 3550 n,
751 3487 821 3556 quod

314 3585 405 3640 reapse
424 3569 521 3622 ibidem
541 3587 647 3623 sensum
670 3571 714 3622 vix
733 3572 821 3624 habet.

315 3655 397 3724 lgitur
410 3673 465 3710 non
478 3655 613 3708 immerito
626 3655 734 3726 Harvey
747 3667 820 3725 putat

315 3741 388 3804 llaec,
408 3755 455 3792 suo
474 3740 533 3792 loco
551 3739 658 3802 omissa,
672 3739 705 3791 ad
720 3739 820 3792 calcem

315 3835 470 3888 restaurata,
480 3841 618 3893 perperam
627 3840 687 3876 curn
699 3823 750 3876 illis
760 3841 820 3876 coa-

315 3909 402 3962 luisse.
417 3939 449 3948 -
463 3908 516 3962 Cir.
537 3921 562 3961 et
581 3908 731 3962 Paneuesr.
751 3923 772 3976 3.
785 3939 822 3950 -

316 3991 364 4044 llic
378 4009 480 4063 quoque
493 3992 641 4045 inducenda
654 3992 698 4044 illa
709 3992 821 4044 dualitas

315 4095 360 4130 seu
379 4078 448 4130 lucta
467 4078 636 4130 tenebrarum
661 4095 689 4130 ac
709 4077 774 4129 lucis
790 4077 822 4129 de

315 4180 365 4232 qua
388 4163 485 4216 diserte
505 4175 618 4215 testatur
637 4162 823 4214 Heouaroruus

876 2555 916 2608 ed.
941 2555 984 2607 cit.
1011 2573 1035 2624 p.
1059 2551 1155 2624 96-97.
1200 2552 1284 2606 Huius
1308 2553 1380 2606 enim

875 2639 961 2691 luctae
976 2655 1043 2708 quae
1061 2639 1156 2691 exinde
1174 2649 1331 2691 enarrantur
1348 2637 1381 2690 de

874 2724 1016 2776 hominum
1044 2737 1140 2792 genere
1165 2721 1271 2774 nonnisi
1296 2721 1380 2791 episo-

875 2809 948 2861 dium
967 2807 1140 2860 constituunt.

909 2898 953 2962 (π)
972 2895 1135 2948 Τιιεουοκ.;
1148 2897 1216 2958 Τοὺς
1235 2897 1265 2947 οἰ
1278 2897 1324 2947 τὸν
1337 2897 1380 2947 οὐ·

875 2985 953 3052 ρανὸν
971 2984 1017 3033 τὸν
1040 2983 1164 3047 ἔσχατον,
1180 2983 1226 3032 τὸν
1249 2981 1297 3045 ὑφ’
1306 2982 1380 3044 ἡμῶν

875 3069 1016 3132 ὁρώμενον,
1031 3067 1169 3127 οἰκοῦντας
1182 3063 1212 3134 [:
1222 3063 1381 3126 habitantes,

875 3150 925 3202 lnt.
957 3149 1021 3220 legit
1047 3149 1221 3217 κρατοῦντας]
1247 3149 1381 3215 ἀγγίλονς

874 3239 1067 3306 δημιουργῆσαι
1085 3237 1130 3286 τὸν
1145 3236 1256 3299 κόσμον,
1270 3237 1318 3284 καί
1332 3236 1380 3298 τὴν

873 3327 922 3388 τῆς
940 3327 991 3387 γῆς
1011 3319 1198 3385 διανείμασθαι
1209 3321 1380 3370 δεσποτείαν·

874 3409 922 3457 ἕνα
941 3408 971 3456 δί
990 3405 1168 3471 κληρωθῆναι
1182 3407 1231 3468 τὴν
1245 3409 1299 3455 τῶν
1314 3403 1378 3455 'lou-

875 3489 956 3542 δαίων
964 3493 1125 3555 οἰκονομίαν,
1131 3491 1179 3539 καὶ
1189 3489 1280 3541 τοῦτον
1290 3490 1382 3554 ἄρχειν

874 3581 927 3627 των
945 3576 1046 3627 ἄλλων.
1064 3574 1229 3626 Βουλεθὲντι
1248 3575 1278 3624 δὲ
1297 3575 1381 3638 τούτῳ

875 3662 931 3722 τοῖς
949 3656 1058 3720 οἰκείοις
1078 3660 1183 3708 ἅπαντα
1203 3657 1331 3718 ὑποτάξαι
1349 3659 1383 3708 τὰ

875 3745 952 3808 ἔθνη,
967 3745 1029 3805 τοὺς
1044 3743 1144 3804 ἀλλους
1162 3743 1295 3807 ἄρχοντας
1313 3742 1383 3792 ἀντι-

874 3828 1036 3893 πράξασθαι.

912 3911 954 3978 (3)
964 3909 1039 3962 lbid.:
1049 3912 1101 3962 Τὸν
1108 3911 1139 3961 δὲ
1146 3911 1291 3974 ἀγέννητον
1300 3910 1383 3959 ταῦτα

876 3991 1024 4060 θεώμενον,
1042 3996 1088 4044 τὸν
1110 3995 1278 4062 πρωτόγονον
1303 3992 1383 4044 αἰτοῦ

875 4080 945 4131 Νοῦν
969 4079 1140 4141 ἀποστεῖλαι,
1154 4077 1185 4128 ὃν
1205 4081 1252 4128 καί
1273 4077 1384 4141 Χριστὸν

876 4165 1099 4233 προσηγόρευσεν.
