3238 5090
329 481 395 549 424
662 482 791 529 raanan
813 481 888 527 anv.
909 481 1065 529 uaenssns
1106 477 1217 548 [xxm
1236 476 1357 543 arm,
1381 494 1395 548 3

328 694 509 746 sanctorum
533 677 663 743 nomina
682 699 747 744 non
770 675 941 765 adimplent
976 700 1146 744 numerum
1168 693 1307 758 centurn,
1341 676 1396 744 sed

328 787 469 853 sinistrae
488 801 610 852 tantum
627 783 741 850 liabent
764 807 925 865 numeros,
949 784 1161 873 corruptibilia
1179 801 1209 852 et
1225 785 1397 850 materialia

329 915 397 960 esse
416 891 558 959 confiteri
581 907 743 979 cogentur.

399 1105 478 1172 Can.
509 1104 616 1170 XXV.
663 1103 770 1194 [WH.
799 1103 896 1169 XXX
904 1102 992 1193 VII}
1040 1102 1203 1170 Osrnusro
1227 1123 1320 1177 ouon
1340 1124 1400 1168 nn-

331 1231 398 1284 Qun
431 1231 605 1276 secuuntur
640 1231 775 1278 solutu
804 1210 1010 1277 Pannonius
1040 1229 1152 1276 nortun
1188 1229 1291 1276 sacra
1314 1229 1400 1275 suun

331 1338 419 1391 Quae
443 1337 651 1383 factasunt
675 1336 785 1390 uenus
809 1337 924 1384 tunsus
956 1337 1042 1382 vane
1071 1335 1112 1382 ΕΤ
1136 1335 1244 1382 mour
1267 1337 1397 1382 Evenit.

336 1445 362 1490 1.
379 1423 412 1490 Si
427 1425 497 1510 quis
513 1439 618 1488 autem
634 1421 670 1488 ad
687 1421 763 1488 baec
778 1420 903 1488 dixerit:
921 1421 1010 1504 Quid
1029 1423 1124 1510 ergo?
1139 1423 1173 1488 in
1189 1445 1306 1488 vanum
1322 1427 1400 1504 (est)

330 1547 361 1596 et
379 1547 413 1595 ut
443 1531 586 1618 provenit
600 1527 633 1583 (¹)
656 1546 687 1596 et
709 1530 875 1595 nominum
905 1529 1076 1616 positiones
1104 1545 1187 1608 sunt,
1218 1545 1249 1594 et
1271 1545 1401 1615 aposto-

329 1637 434 1703 lorum
458 1637 580 1718 electio,
604 1652 634 1702 et
665 1637 797 1702 Domini
826 1636 975 1724 operatio,
1007 1651 1037 1700 et
1065 1657 1176 1702 eorum
1205 1658 1284 1724 quae
1318 1633 1400 1701 facta

331 1759 403 1809 sunt
425 1743 632 1830 compositio?
678 1742 830 1808 Dicemus
853 1743 913 1808 eis:
932 1742 1008 1808 Non
1037 1740 1181 1829 quidem;
1206 1740 1260 1808 sed
1284 1763 1401 1830 magna

330 1873 404 1916 cum
428 1851 576 1937 sapientia
590 1866 620 1915 et
635 1846 794 1938 diligentia
810 1848 848 1916 ad
865 1847 1017 1936 liquidum
1038 1865 1108 1937 apta
1123 1865 1153 1916 et
1167 1866 1275 1916 ornata
1290 1851 1401 1915 omnia

331 1981 348 2024 a
371 1957 441 2023 Deo
465 1955 645 2037 factasunt,
669 1972 700 2022 et
725 1957 851 2044 antiqua
878 1971 908 2020 et
931 1978 1146 2044 quaecumque
1165 1957 1198 2022 in
1214 1958 1402 2022 novissimis

330 2061 524 2150 temporibus
548 2060 689 2128 Verbum
714 2063 780 2128 eius
804 2079 967 2151 operatum
991 2077 1048 2138 est,
1073 2079 1103 2128 et
1125 2061 1239 2129 debent
1262 2085 1308 2143 ea,
1332 2087 1401 2129 nou

331 2191 465 2235 numero
489 2167 596 2259 [x]xx,
619 2168 672 2235 sed
697 2166 868 2235 subiacenti
892 2168 1036 2256 copulare
1052 2185 1248 2256 argument0,
1265 2170 1330 2234 sive
1350 2192 1404 2235 ra-

331 2277 423 2343 tioni:
443 2299 543 2364 neque
561 2276 599 2342 de
624 2277 694 2342 Deo
717 2276 951 2365 inquisitionem
974 2299 1012 2342 ex
1035 2277 1186 2356 numeris
1205 2292 1236 2342 et
1258 2275 1402 2362 syllabis,

331 2399 363 2449 et
386 2382 495 2448 litteris
518 2382 657 2469 accipere
680 2380 859 2470 (infirmum
891 2398 938 2447 est
965 2381 1051 2447 enim
1075 2380 1135 2447 hoc
1157 2397 1292 2469 propter
1316 2382 1403 2448 mul·

331 2487 470 2556 tifarium
489 2505 519 2554 et
537 2489 660 2554 varium
679 2510 801 2568 eorum,
814 2504 844 2554 et
855 2487 939 2578 quod
953 2489 1052 2575 possit
1064 2510 1160 2556 omne
1175 2505 1400 2575 argumentum

331 2595 424 2662 hodie
447 2619 544 2684 aeque
566 2610 817 2661 commentatum
842 2592 879 2660 ab
903 2596 1018 2684 aliqu0‚
1042 2596 1196 2661 contraria
1219 2596 1341 2661 veritati
1361 2619 1403 2662 ex

330 2704 405 2790 ipsis
429 2724 553 2768 sumere
575 2703 766 2782 testimonia,
797 2724 835 2768 eo
858 2698 942 2790 quod
966 2704 999 2768 in
1022 2701 1121 2768 multa
1144 2702 1302 2769 transferri
1325 2725 1403 2790 pos-

330 2807 469 2899 sint);(²)
492 2807 546 2874 sed
568 2809 655 2895 ipsos
678 2829 840 2890 numeros,
865 2825 894 2874 et
918 2830 1055 2897 eaquae
1085 2807 1165 2876 facta
1188 2825 1270 2891 sunt,
1293 2826 1400 2896 aptare

328 2915 441 2983 debent
465 2914 634 2982 subiacenti
658 2915 797 2982 veritatis
828 2932 1024 3002 argumento.
1071 2916 1148 2982 Non
1173 2916 1256 2982 eninr
1288 2917 1399 3004 regula

331 3045 368 3088 ex
387 3023 539 3102 numeria,
554 3021 606 3089 sed
630 3021 754 3087 numeri
778 3045 815 3086 ex
839 3021 958 3109 regula:
982 3044 1040 3088 nec
1060 3022 1148 3088 Deus
1171 3045 1208 3087 ex
1225 3019 1323 3101 factis,
1343 3023 1400 3090 sed

332 3153 367 3195 ea
397 3151 475 3216 quae
508 3127 587 3194 lacta
619 3145 701 3209 sunt,
737 3151 775 3193 ex
806 3129 887 3194 Deo.
934 3127 1056 3195 Omnia
1087 3129 1172 3194 enim
1206 3151 1243 3194 err
1271 3151 1336 3194 uno
1369 3147 1402 3196 et

333 3233 445 3302 eodem
469 3235 591 3302 Denta>

402 3361 431 3406 2.
456 3341 542 3423 Quia
564 3357 669 3406 autem
688 3340 772 3406 varia
795 3356 826 3406 et
849 3340 947 3406 multa
971 3358 1043 3407 sunt
1065 3364 1143 3430 quae
1168 3340 1348 3424 factasunt,
1369 3360 1401 3410 et

333 3448 371 3516 ad
394 3469 525 3514 ornnem
548 3446 675 3534 quidem
708 3445 860 3513 facturam
884 3444 963 3513 bene
987 3464 1097 3535 aptata,
1121 3464 1152 3513 et
1175 3450 1401 3516 consonantia:

333 3571 484 3644 quantum
508 3569 614 3620 autem
629 3569 747 3641 spectat
770 3551 806 3619 ad
831 3553 1077 3642 unumquodque
1100 3577 1223 3634 eorum,
1248 3570 1320 3620 sunt
1339 3554 1401 3622 sibi

333 3660 470 3727 invicem
494 3659 648 3725 contraria
670 3674 701 3724 et
716 3679 780 3724 non
796 3659 1027 3724 convenientia:
1044 3659 1124 3724 sicut
1141 3657 1275 3724 citharae
1292 3681 1402 3739 sonus,

333 3789 388 3856 per
407 3766 650 3854 uniuscuiusque
668 3764 846 3832 distantiam
862 3782 1101 3848 consonantem,
1116 3788 1212 3832 unam
1228 3762 1402 3831 melodiam

370 3960 410 4030 (r)
421 3959 474 4013 Cir.
486 3977 544 4030 sup.
560 3959 643 4024 x1v‚8
656 3957 701 4012 fin.
716 3961 753 4029 (p.
768 3960 838 4027 371).
893 3959 926 4012 ad
939 3961 1043 4027 xxvrrr)
1054 3975 1134 4012 aurea
1146 3957 1257 4011 omnino
1272 3969 1341 4020 sunt,
1354 3973 1403 4010 ne·

370 4047 411 4115 (2)
431 4044 504 4097 Idem
529 4044 598 4114 quod
623 4043 688 4096 dixit
713 4043 732 4108 1,
759 4057 798 4107 111,
822 4041 838 4096 6
893 4042 1021 4112 quehisce
1031 4041 1093 4112 ipsis
1103 4040 1199 4094 nostris
1207 4039 1403 4110 diebusabsque

334 4134 372 4200 (p.
392 4126 447 4199 96).
892 4126 977 4180 fructu
996 4127 1126 4197 leguntur.
1163 4124 1217 4178 Cfr.
1242 4125 1339 4178 borum
1360 4141 1402 4178 se-

369 4213 494 4283 (3)Quae
513 4213 565 4266 iarn
585 4223 729 4283 sequuntur
744 4215 839 4283 (usque
891 4212 965 4264 mina
985 4227 1025 4282 ap.
1045 4209 1165 4263 Tanau.
1188 4207 1217 4262 C.
1234 4207 1323 4262 Graec.
1345 4222 1367 4274 5.
