3172 5044
302 394 341 460 28
716 411 954 458 unotaoouaun

301 607 402 682 Bz'bl.
421 633 491 681 ser.
505 608 530 692 l,
546 635 581 680 v.
594 606 653 693 V',
670 633 706 704 p.
726 607 803 706 15].
857 606 1019 681 Accedit
1032 623 1229 704 praeterea
1245 605 1368 704 ipsum

301 732 347 809 lr.
391 756 465 804 non
498 756 649 827 semper
684 732 811 803 omnia
837 747 970 803 exacte
998 731 1138 803 referre
1170 754 1269 827 quae
1297 754 1367 802 no-

299 875 415 942 verat,
446 883 481 928 v.
512 883 549 953 g.
591 881 717 952 quum,
750 854 916 928 Eusebio
957 870 1065 940 teste,
1103 854 1239 951 Papias
1281 879 1367 928 sese

253 989 257 1003 ‘
302 982 451 1056 loannis
480 1006 555 1054 non
583 980 755 1078 apostoli,
778 981 845 1055 sed
864 979 1075 1078 presbyteri
1096 981 1247 1053 Ioannis
1266 980 1369 1052 audi·

302 1106 402 1189 toris,
421 1103 644 1202 discipulum
665 1105 786 1190 saciat,
806 1106 849 1178 lr.
870 1097 930 1210 [V,
952 1105 1015 1202 33]
1033 1105 1194 1178 rotunde
1213 1104 1367 1202 Papiam

299 1228 459 1328 apostoli
479 1230 690 1320 auditorem
710 1244 830 1303 vocat.
883 1229 960 1302 Cur
980 1229 1094 1326 igitur
1114 1254 1187 1301 non
1209 1228 1245 1302 in
1266 1229 1367 1302 idem

300 1355 436 1428 erroris
446 1353 595 1438 incidat,
609 1355 699 1426 dum
711 1353 885 1428 eumdem
897 1354 1076 1428 loannem
1085 1353 1282 1452 Evangelii
1293 1369 1364 1426 etc.

299 1496 493 1553 auctorem
521 1478 634 1552 dicit?

378 1603 484 1676 Haec
525 1620 614 1676 sunt
645 1604 849 1701 praecipua
882 1628 980 1699 quae
1017 1618 1148 1675 contra
1181 1607 1368 1686 ἀξιοπιστίαν

300 1729 344 1800 lr.
375 1728 446 1801 hac
474 1754 587 1825 super
611 1755 651 1802 re
680 1728 796 1802 critici
819 1743 1031 1826 opponunt:
1053 1743 1101 1812 at,
1124 1726 1266 1810 saltem,
1292 1751 1367 1799 non

299 1853 447 1926 invicte.
505 1854 546 1926 ln
581 1853 711 1950 primis
747 1853 924 1950 equidem
964 1851 1063 1926 nulla
1091 1851 1187 1925 ratio
1215 1868 1273 1924 est
1302 1877 1370 1924 cur

299 1977 415 2050 series
443 1978 748 2073 presbyterorum
768 1977 816 2050 ab
845 1977 890 2048 lr.
912 1977 1048 2049 tradita
1077 1977 1268 2049 adunam
1297 1976 1368 2048 Pa-

298 2101 398 2198 piam
418 2119 607 2175 revertere
628 2103 775 2176 debeat.
833 2101 1042 2174 Maximum
1062 2101 1232 2197 prolecto
1252 2125 1368 2196 nego·

299 2225 390 2297 tium
420 2226 513 2300 haec
542 2226 820 2323 opponentibus
849 2227 1047 2309 lacessunt,
1080 2225 1154 2321 qui,
1187 2249 1255 2297 nec
1276 2249 1367 2297 sane

300 2349 421 2446 pauci,
441 2350 479 2422 id
496 2350 698 2436 vindicant,
722 2349 860 2424 nemini
881 2350 1002 2448 magis
1024 2375 1137 2445 quam
1158 2349 1367 2445 Polycarpo

296 2474 537 2548 traditionem
567 2476 616 2548 de
644 2475 783 2548 Ioanne
813 2475 857 2546 lr.
888 2490 1083 2571 acceptam
1112 2474 1270 2546 referre:
1302 2473 1365 2568 qui

299 2624 433 2696 nempe
467 2599 706 2694 Smyrnensis
738 2599 949 2696 episcopus,
985 2598 1200 2695 Scripturae
1237 2622 1367 2670 conso·

298 2748 392 2797 nans
419 2722 567 2796 «multa
593 2768 621 2780 -
648 2723 825 2798 audiente
854 2724 1010 2797 Irenaeo
1036 2723 1290 2796 -enarrabat
1318 2747 1368 2794 ex

306 2847 506 2922 «familiari
544 2849 815 2942 consuetudine
853 2849 1107 2922 cum'loanne
1140 2873 1184 2920 ac
1213 2846 1368 2944 reliquis

306 2973 402 3070 «qui
430 2974 636 3046 Dominum
664 2972 845 3057 viderant,
869 2998 1045 3070 quaeque
1065 2972 1114 3045 de
1133 2971 1299 3044 Domino
1317 2995 1368 3043 ex

306 3127 322 3166 a
336 3097 426 3194 ipsis
439 3097 670 3180 audiverant,
687 3098 734 3170 de
750 3097 937 3171 miraculis
952 3096 1047 3169 illius
1061 3121 1105 3168 ac
1120 3096 1168 3168 de
1184 3095 1365 3179 doctrina,

306 3247 435 3319 «quae
454 3222 502 3294 ab
523 3221 580 3294 his
600 3221 662 3319 qui
684 3221 851 3295 Verbum
872 3221 970 3294 vitae
999 3221 1068 3318 ipsi
1092 3237 1368 3318 conspexerant

306 3362 567 3441 ‹acceperat›
607 3346 685 3443 [ep.
712 3346 760 3419 ad
789 3347 930 3441 Flor.];
961 3363 1075 3442 atque
1093 3345 1268 3443 princeps
1287 3359 1369 3420 erat

298 3497 347 3543 ex
376 3469 445 3543 illis
481 3470 576 3566 ‹qui
610 3470 646 3542 in
675 3469 771 3543 Asia
803 3471 905 3568 apud
938 3471 1116 3544 loannem
1144 3469 1367 3566 discipulum

307 3594 493 3669 ‹Domiui
523 3595 776 3680 convenirent,
808 3613 1053 3693 permanente
1081 3593 1252 3692 apostolo
1281 3619 1367 3667 cum

306 3721 392 3794 ‹eis
422 3746 539 3816 usque
568 3721 617 3794 ad
645 3721 798 3794 Traiani
828 3737 1031 3817 tempora»
1067 3717 1128 3823 (ll,
1164 3743 1223 3806 22,
1258 3723 1310 3817 5).

376 3847 457 3919 Nec
473 3847 608 3919 desunt
628 3845 690 3942 qui
709 3843 940 3942 praeclaram
962 3844 1060 3918 illam
1081 3844 1282 3942 pericopen
1303 3843 1366 3928 ΙΙΙ,

303 3996 331 4054 1,
357 3995 386 4054 1,
405 3971 466 4043 ubi
486 3986 563 4043 tam
584 3968 700 4043 multa
718 3970 848 4067 paucis
877 3970 921 4042 lr.
953 3969 1172 4067 perstringit
1196 3970 1243 4043 de
1263 3984 1368 4066 quat·

295 4112 380 4167 tuor
394 4093 676 4192 evangeliorum
698 4092 854 4191 origine,
874 4119 1046 4191 quaeque
1067 4095 1148 4191 ipsa
1163 4119 1230 4166 sua
1245 4091 1368 4167 conci·
