3288 5060
1197 289 1210 328 δ

356 391 417 456 218
644 409 770 457 IRENAEI
795 411 954 456 ADVERSUS
977 409 1133 456 HAERESES
1259 405 1356 476 [XVIL
1372 420 1422 458 1-2

353 621 480 670 euntem
510 623 542 671 et
572 601 784 692 perficientem
816 603 1000 670 circularem
1026 626 1115 669 suam
1145 601 1424 690 apocatastasin,(¹>

352 733 406 798 per
428 709 595 777 duodecim
619 723 743 776 menses
763 706 977 777 duodecadem
1001 707 1209 778 manifestare.
1273 707 1311 773 Et
1335 709 1423 794 ipsos

353 833 459 884 autem
476 814 542 884 dies
564 815 732 884 duodecim
750 817 899 883 horarum
920 839 1101 884 mensuram
1124 813 1284 896 habentes,
1307 833 1421 902 typum

354 947 419 991 non
437 925 610 1011 apparentis
628 922 817 992 duodecadis
832 946 910 990 esse.
958 922 1018 991 Sed
1033 940 1064 989 et
1079 923 1191 990 horam
1207 920 1324 1002 dicunt,
1336 921 1424 1011 quod

353 1048 399 1096 est
422 1029 647 1098 duodecimum
667 1028 738 1109 diei,
751 1053 789 1096 ex
807 1030 934 1117 triginta
946 1027 1085 1118 partibus
1096 1026 1278 1095 adornatam
1295 1045 1424 1117 propter

354 1138 525 1224 imaginem
547 1136 757 1204 triacontadis.
770 1136 803 1188 (²)
849 1135 887 1202 Et
913 1136 1011 1223 ipsius
1043 1151 1148 1201 autem
1171 1133 1289 1201 zodiaci
1314 1133 1425 1200 circuli

353 1244 739 1310 circummensurationem
764 1265 832 1308 esse
848 1243 983 1331 partium
1004 1262 1125 1309 ccccx:
1150 1241 1312 1332 (quodque
1335 1243 1423 1306 enim

353 1353 517 1439 signorum
529 1367 631 1440 partes
641 1347 753 1415 habere
765 1349 859 1439 xxx).
906 1349 957 1415 Sic
968 1371 1094 1439 quoque
1105 1371 1160 1437 per
1172 1346 1326 1414 circulum
1342 1348 1425 1412 ima-

352 1459 460 1544 ginem
484 1455 691 1544 copulationis
710 1477 832 1538 eorum,
848 1473 1015 1544 quaesunt
1033 1453 1212 1534 duodecim,
1228 1452 1266 1520 ad
1284 1474 1352 1519 xxx
1368 1477 1425 1519 cu-

354 1562 501 1631 stoditam
526 1562 685 1630 dicunt.(³)
731 1561 844 1628 Adhuc
867 1563 961 1628 etiam
986 1577 1016 1627 et
1034 1577 1162 1640 terram,
1186 1561 1219 1626 in
1237 1581 1281 1626 xu
1297 1559 1423 1626 climata

351 1672 485 1738 divisam
502 1669 694 1749 dicentes,(⁴)
712 1685 743 1735 et
759 1671 791 1735 in
810 1690 1000 1758 unoquoque
1016 1667 1141 1734 climate
1164 1689 1421 1755 unamquamque

354 1912 386 1975 ἐν
402 1911 522 1976 δώδεκα
537 1913 628 1996 μησίν
639 1907 907 1995 ἐκπεριερχόμενον
920 1910 974 1972 καί
985 1905 1199 1993 τερματίζοντα
1210 1909 1263 1990 τὴν
1274 1905 1424 1989 κυκλικὴν

354 2019 444 2082 αὑτοῦ
475 2019 731 2100 ἀποκατάστασιν,
755 2019 804 2082 διὰ
826 2027 885 2081 τῶν
907 2014 1026 2080 δῶδεκα
1054 2024 1153 2101 μηνῶν
1180 2017 1233 2098 τὴν
1265 2012 1424 2078 δωδεκάδα

353 2129 483 2211 φανερὰν
505 2135 606 2190 ποιεῖν.
653 2121 730 2214 [Καὶ
752 2121 858 2213 uotae]
881 2124 915 2188 δὲ
934 2126 987 2200 τὰς
1005 2120 1128 2208 ἡμέρας,
1147 2121 1266 2186 δώδεκα
1283 2120 1368 2204 ὡρῶν
1387 2124 1423 2184 τὸ

353 2233 459 2319 μέτρον
478 2234 618 2319 ἐχούσας,
637 2233 730 2297 τύπον
747 2241 801 2316 τῆς
818 2241 908 2316 κενῆς
926 2231 1095 2307 δωδεκίδος
1114 2232 1197 2294 εἶναι.
1245 2228 1346 2293 Ἀλλὰ
1363 2231 1422 2313 μὴν

352 2343 404 2404 καὶ
427 2342 480 2424 τὴν
504 2341 584 2425 ὥραν
614 2341 697 2424 φασὶ,
720 2343 755 2402 τδ
778 2337 948 2402 δωδέκατον
976 2347 1028 2422 τῆς
1057 2337 1178 2421 ἡμέρας,
1202 2335 1422 2418 ὲκτρυίκοντα

353 2455 462 2530 μοιρῶν
473 2446 688 2531 κεκοσμῆσθαι
701 2446 749 2508 διὰ
760 2447 814 2528 τὴν
826 2445 927 2508 είκίνα
938 2453 991 2526 τῆς
1003 2441 1221 2527 τριακονιίδος.
1255 2441 1316 2504 Καί
1328 2442 1420 2503 αὐτοῦ

351 2552 384 2616 δὲ
404 2561 456 2617 τοῦ
476 2553 624 2630 ζωδιακοῦ
638 2551 755 2616 κύκλου
769 2553 823 2635 τὴν
838 2549 1013 2634 περίμετρον
1028 2549 1102 2612 είναι
1119 2557 1229 2633 μοιρῶν
1244 2546 1421 2631 τριακοσίων

351 2657 508 2743 ἑξήκοντα·
522 2657 667 2747 (ἕκαστον
679 2661 737 2743 γὰρ
752 2655 856 2736 ζιίιδιον
873 2655 976 2741 μοίρας
987 2656 1069 2740 ἔχειν
1084 2653 1269 2738 τριάκοντα).
1317 2652 1422 2730 Οὕτως

352 2767 388 2851 δὴ
411 2768 464 2831 καὶ
486 2766 534 2831 διὰ
556 2775 608 2831 τοῦ
630 2765 745 2829 κΰκλου
766 2766 820 2847 τὴν
843 2763 945 2828 εἰκόνα
967 2773 1021 2848 τῆς
1043 2761 1204 2846 συναφείας
1228 2771 1283 2826 τῶν
1302 2759 1421 2825 δώδεκα

352 2877 425 2957 πρὸς
443 2875 481 2937 τὰ
498 2871 657 2958 τριάκοντα
672 2872 856 2957 τετηρῆσθαι
871 2869 1020 2954 λέγουσιν.
1068 2869 1137 2934 Ἔτι
1154 2870 1212 2953 μὴν
1226 2869 1280 2931 καὶ
1294 2869 1348 2950 τὴν
1363 2876 1421 2951 γῆν

353 2982 395 3058 είς
417 2980 535 3046 δώδεκα
557 2980 688 3065 κλίματα
711 2979 871 3065 διῃρῆσθαι
889 2979 1067 3063 φάσκοντες,
1083 2978 1135 3042 καί
1148 2973 1226 3041 καθ’
1242 2976 1275 3040 ἓν
1293 2977 1422 3040 ἕκαστον

390 3219 432 3284 (ι)
452 3215 471 3268 Ι.
491 3234 528 3269 e.:
554 3215 652 3268 reditus
677 3213 710 3266 ad
732 3226 858 3284 punctum
912 3229 1002 3264 versus
1020 3211 1202 3264 decrescentes
1217 3210 1284 3262 sicut
1300 3223 1326 3263 et
1345 3209 1419 3274 dies;

355 3318 407 3372 quo
417 3317 523 3353 cursum
535 3299 716 3352 iniverat:scl.
727 3298 797 3351 orbis
808 3299 861 3367 pie·
912 3297 996 3349 immo
1024 3312 1116 3348 earum
1134 3294 1361 3348 commensuratio
1386 3294 1419 3346 ab

355 3384 513 3438 nitudinem.
913 3381 984 3433 horis
992 3381 1104 3433 sumitur
1114 3381 1151 3432 ita
1161 3391 1189 3432 ut
1200 3380 1232 3432 ab
1242 3396 1296 3433 uno
1306 3379 1339 3432 ad
1349 3377 1420 3431 aliud

390 3471 431 3538 (2)
448 3469 519 3522 Vett.
536 3469 591 3522 dies
607 3468 634 3520 in
654 3482 693 3520 xu
709 3467 787 3520 horas
801 3483 860 3537 par·
912 3465 991 3517 clima
1003 3467 1036 3530 ΙΙ,
1048 3465 1113 3517 hora
1124 3464 1178 3518 dies
1189 3465 1330 3517 decrescat.
1353 3462 1419 3516 Sunt

353 3555 495 3618 tiebantur‚
506 3553 565 3606 ideo
578 3569 610 3605 ex
626 3552 676 3622 360
689 3552 759 3606 orbis
771 3552 859 3604 diurni
913 3549 1009 3603 idcirco
1019 3562 1044 3602 et
1056 3549 1113 3618 ipsa
1125 3563 1165 3602 xu
1171 3559 1249 3619 atque
1260 3565 1274 3600 a
1284 3559 1349 3601 vett.
1358 3555 1422 3618 geo*

354 3638 486 3710 gradibus,
505 3638 636 3709 quaelibet
661 3637 726 3690 hora
749 3636 794 3705 30⁰
813 3637 859 3689 ha·
911 3633 1018 3704 graphis
1037 3650 1069 3686 ex
1088 3633 1195 3686 civitate
1214 3633 1242 3686 in
1260 3647 1420 3703 unoquoque

353 3724 438 3776 bebat.
474 3722 502 3774 id
515 3735 540 3775 et
555 3722 587 3774 de
598 3721 706 3774 zodiaco
716 3733 742 3774 et
753 3721 786 3774 de
795 3737 859 3790 quo·
914 3718 1055 3788 conspicua
1065 3734 1164 3772 nomen
1173 3718 1271 3771 habent
1280 3736 1286 3770 :
1295 3736 1320 3770 ν.
1331 3734 1356 3788 g.
1367 3720 1423 3769 δια-

354 3807 394 3860 vis
413 3806 511 3860 circulo
530 3816 610 3876 patet.
914 3809 1020 3870 μεροῆς,
1036 3806 1198 3870 διασυιννῆς,
1212 3801 1422 3868 διαλιξανδρὶσς,

390 3892 430 3959 (3)
460 3890 601 3960 Copulatio
625 3903 654 3942 12
670 3896 695 3950 χ
712 3903 789 3958 30:
802 3887 861 3955 360,
915 3891 1071 3956 διαρρωδῆς,
1099 3891 1248 3954 διαρρωμῆς
1270 3885 1422 3954 (Ηκιινεν).

354 3986 418 4047 quot
428 3991 525 4045 nempe
535 3975 630 4044 gradus
646 3974 757 4026 circulus
770 3973 859 4026 habet.
916 3973 989 4042 [Alia
1008 3983 1099 4025 tamen
1112 3983 1214 4042 praeter
1232 3972 1297 4024 haec
1312 3970 1422 4024 nomina

391 4063 432 4128 (4)
452 4059 567 4112 Climata
586 4070 645 4110 sunt
665 4075 747 4110 zonae
767 4073 861 4127 aequa·
916 4056 1093 4126 ignorantur}
1109 4086 1144 4094 —
1159 4055 1189 4108 in
1208 4055 1259 4108 hoc
1278 4065 1317 4107 est
1337 4054 1423 4125 prima

354 4145 405 4198 tori
416 4145 564 4215 parallelae,
578 4159 608 4196 ac
621 4154 758 4213 propterea
772 4143 861 4213 polum
915 4158 975 4211 pars
997 4140 1176 4193 similitudinis
1195 4139 1387 4208 (duodecadis).
