3230 5062
352 445 412 492 100
635 447 762 494 lRENAEl
786 447 945 494 ADVERSUS
967 447 1122 494 HAERFSES
1282 445 1339 516 [lV‚
1362 464 1411 515 1-3

345 639 541 730 passionibus
554 640 672 722 habuit,
684 639 738 708 sed
751 643 1013 709 contrarietatem.
1025 642 1059 696 (¹)
1104 643 1204 730 Super
1214 641 1289 708 haec
1305 660 1411 709 autem

346 749 486 815 evenisse
508 749 538 815 ei
560 764 591 815 et
610 748 738 816 alteram
756 747 955 816 affectionem
976 749 1191 816 conversionis
1210 748 1248 816 ad
1267 773 1341 815 eum
1356 753 1412 839 qui

345 853 525 922 vivificavit,

412 982 441 1028 2.
465 961 544 1028 Eam
568 961 785 1030 collectionem
809 979 839 1030 et
863 960 1069 1030 substantiam
1096 961 1191 1028 fuisse
1216 963 1363 1029 materiae
1376 965 1413 1017 (²)

343 1067 460 1150 dicunt,
479 1091 517 1134 ex
531 1091 593 1157 qua
616 1067 666 1134 hic
691 1067 826 1135 mundus
849 1084 980 1135 constat.
1027 1068 1076 1135 De
1091 1070 1297 1135 conversione
1313 1069 1412 1150 enim,

344 1172 453 1242 mundi
477 1190 507 1240 et
530 1174 697 1262 Demiurgi
720 1196 851 1241 omnem
874 1175 1013 1241 animam
1035 1175 1164 1262 genesin
1184 1175 1353 1262 accepisse:
1370 1173 1411 1241 de

343 1283 457 1349 timore
479 1296 585 1350 autem
607 1297 638 1347 et
660 1282 783 1348 tristitia
807 1282 923 1371 reliqua
945 1283 1072 1348 initium
1100 1279 1255 1348 habuisse.
1313 1283 1341 1348 A
1366 1283 1413 1348 la-

343 1388 460 1475 crymis
474 1388 560 1453 enim
583 1388 651 1453 eius
675 1384 789 1453 factam
807 1388 987 1453 universam
1002 1384 1165 1454 humidam
1181 1385 1385 1454 substantiam
1401 1412 1409 1454 :

343 1515 361 1560 a
384 1495 447 1559 risu
467 1509 571 1560 autern
586 1492 739 1560 lucidam:
759 1515 777 1559 a
795 1494 918 1560 tristitia
934 1485 1037 1559 autem
1052 1509 1083 1558 et
1100 1515 1217 1580 pavore
1232 1492 1408 1580 corporalia

344 1598 456 1666 mundi
467 1600 630 1666 elementa.
665 1598 843 1688 Aliquando
856 1600 939 1666 enim
952 1597 1091 1687 plorabat
1100 1615 1130 1665 et
1139 1600 1236 1665 tristis
1246 1615 1413 1694 erat,quo-

343 1704 440 1772 modo
453 1703 569 1788 dicunt,
580 1705 665 1793 quod
676 1703 822 1773 derelicta
837 1706 903 1773 sola
915 1723 997 1772 esset
1011 1707 1044 1772 in
1056 1704 1193 1772 tenebris
1205 1722 1235 1772 et
1247 1707 1279 1772 in
1291 1727 1409 1772 vacuo:

341 1810 507 1899 aliquando
530 1828 634 1878 autem
654 1813 686 1878 in
705 1813 931 1900 cogitationem
949 1813 1079 1880 veniens
1102 1813 1170 1879 eius
1192 1811 1277 1901 quod
1295 1811 1411 1879 dereli-

341 1935 448 2007 querat
464 1942 534 1986 eam
548 1919 666 2002 lumen,
678 1917 908 1986 diffundebatur
923 1936 953 1985 et
969 1918 1103 1986 ridebat:
1119 1917 1285 2008 aliquando
1301 1934 1409 1986 autem

343 2025 776 2116 narsustimebattaliquando
785 2027 1088 2108 constemabatur,et
1096 2029 1216 2094 extasin
1225 2027 1408 2115 patiebatur.

343 2221 633 2310 Ἐπισυμβεβηκένοιι
663 2221 775 2308 δἀὐτῃ
806 2226 858 2288 καὶ
888 2223 993 2310 ἑτέραν
1024 2224 1170 2306 διάθεσιν,
1193 2226 1247 2308 τὴν
1269 2233 1322 2309 τῆς
1345 2223 1409 2288 ἐπι-

341 2339 471 2415 στροφῆς
492 2331 543 2394 ἐπὶ
564 2333 614 2394 τόν
636 2331 876 2415 ζωοποιήσαντα.

411 2455 439 2501 2.
453 2436 571 2522 Ταΰιην
582 2435 717 2514 σύνταξιν
730 2438 782 2500 καὶ
793 2436 896 2502 οὐσίαν
906 2447 959 2521 τῆς
970 2437 1044 2522 ὓλης
1054 2436 1240 2522 γεγενῆσθαι
1255 2434 1407 2522 λέγουσιν,

342 2543 374 2620 ἐξ
392 2547 428 2628 ἧς
446 2544 497 2607 όδε
516 2544 533 2607 ό
551 2543 664 2627 κόσμος
682 2542 873 2628 συνέστηκεν.
920 2542 980 2608 Ἐκ
995 2546 1051 2627 μὲν
1069 2546 1127 2628 γὰρ
1150 2553 1202 2627 τῆς
1224 2543 1408 2628 ἐπιστροφῆς

341 2655 394 2734 τὴν
416 2658 470 2714 τοῦ
492 2650 609 2735 κόσμου
631 2652 683 2714 καὶ
704 2659 757 2714 τοῦ
776 2651 964 2736 Δημιουργοϋ
979 2661 1079 2714 πᾶσαν
1097 2651 1199 2736 ψυχὴν
1218 2652 1271 2732 τὴν
1290 2650 1407 2736 γένεσιν

342 2755 503 2842 εἰληφέναι,
522 2756 610 2820 ἐκδὲ
629 2765 681 2820 τοῦ
696 2753 790 2842 φόβου
804 2759 857 2821 καὶ
874 2767 927 2842 τῆς
949 2757 1046 2841 λόπης
1061 2759 1098 2819 tlt
1116 2756 1209 2822 lotar&
1231 2759 1285 2840 τὴν
1307 2757 1407 2842 ἀρχὴν

342 2861 522 2948 ἐσχηκέναι·
546 2864 607 2926 ἀπὸ
629 2866 688 2948 γὰρ
705 2873 764 2928 τῶν
780 2864 916 2949 δακρύων
933 2867 1027 2950 αὐτῆς
1043 2862 1198 2950 γεγονέναι
1215 2873 1317 2927 πᾶσαν
1341 2864 1406 2927 ἔνυ-

340 2989 414 3054 γρον
431 2968 549 3034 οὐσίαν·
595 2971 656 3033 ἀπὸ
675 2971 708 3033 δὲ
725 2980 779 3036 τοῦ
796 2969 936 3055 γέλωτος,
955 2973 1009 3055 τὴν
1026 2970 1188 3054 φωτεινὴν·
1212 2972 1273 3034 ἀπὸ
1296 2971 1329 3034 δὲ
1353 2979 1407 3054 τῆς

339 3076 436 3161 luam:
451 3078 503 3141 καὶ
518 3075 700 3161 ἐκπλήξεως,
714 3079 752 3140 τὰ
767 3081 925 3162 σωματικὰ
936 3086 988 3142 τοῦ
998 3075 1117 3160 κόσμου
1128 3086 1273 3162 στοιχεῖα.
1321 3077 1404 3141 Ποτὲ

340 3185 394 3267 μὲν
412 3186 471 3268 γὰρ
488 3182 592 3248 ἔκλαιε
607 3185 660 3247 καὶ
677 3183 825 3268 ἐλυπεῖτο,
841 3183 881 3260 ὡς
895 3184 1029 3269 λέγουσι,
1048 3185 1097 3247 διὰ
1114 3181 1405 3268 temereternere

340 3291 434 3376 μόνην
449 3291 537 3372 ἐντῷ
553 3287 655 3356 σκότει
670 3293 722 3356 καὶ
736 3299 777 3374 τῷ
789 3290 953 3377 κενώματι·
966 3293 1042 3356 ποτὲ
1053 3293 1087 3356 δὲ
1101 3293 1142 3369 εἰς
1157 3293 1272 3356 ἔννοιαν
1288 3293 1407 3375 ἥκουσα

340 3405 392 3461 τοῦ
406 3396 621 3474 καταλιπόντος
638 3399 730 3482 αὐτὴν
748 3402 854 3483 φωτός,
877 3399 1006 3483 διεχεῖτο
1028 3399 1081 3463 καὶ
1103 3395 1214 3484 ἐγέλα·
1234 3399 1308 3461 ποτὲ
1327 3395 1355 3460 δ’
1365 3399 1405 3460 ab

339 3503 429 3567 πόλιν
447 3503 595 3590 ἐφοβεῖτο·
615 3504 725 3569 ἄλλοτε
743 3506 777 3569 δὲ
795 3503 929 3591 διηπόρει
949 3507 1003 3570 καὶ
1021 3504 1167 3582 ἐξίστατο.

377 3675 419 3741 (ι)
437 3673 458 3726 l.
477 3690 499 3726 e.
520 3673 652 3744 passiones
671 3674 772 3727 Aeonis
789 3691 847 3728 suc·
901 3672 988 3726 siones
1001 3671 1407 3726 factaesunt:duminAchan1.

342 3758 441 3812 cessive
450 3757 600 3812 demutatae
613 3757 684 3812 fuere
696 3757 754 3828 (cfr.
770 3758 804 3824 ΙΙ,
823 3775 846 3828 3:
902 3757 1036 3828 passiones
1049 3755 1206 3827 congenitae
1220 3754 1300 3809 suere.

345 3842 455 3912 «primo
469 3840 620 3912 quidem...
637 3853 695 3913 post
709 3843 847 3896 deinde...
937 3843 980 3909 (ι)
999 3841 1082 3912 Igitur
1096 3858 1150 3895 nou
1164 3841 1249 3911 ipsam
1267 3839 1409 3894 materiam

345 3926 522 3979 adetum...»
536 3927 775 3994 etc.);Achamoth
785 3944 848 3981 con·
902 3927 948 3979 sed
966 3926 1043 3979 huius
1070 3926 1225 3979 essentiam:
1251 3925 1321 3996 quod
1344 3941 1409 3977 mox

342 4022 383 4064 tra
403 4010 482 4064 simul
509 4025 554 4064 eas
580 4010 696 4080 pertulit.
742 4010 849 4083 Harvey
902 4011 990 4075 habet,
1009 4027 1100 4064 revera
1118 4008 1225 4062 nonnisi
1239 4021 1299 4080 post
1316 4023 1410 4079 opera·

341 4110 405 4148 vero
418 4095 627 4148 demutationem
640 4095 849 4166 intelligitdege·
902 4095 1003 4148 tionem
1013 4094 1140 4148 Paracleti
1150 4093 1253 4148 accidit.
1284 4091 1410 4147 crepat-

342 4179 507 4233 nerationem
517 4190 576 4249 post
586 4195 665 4250 quam
677 4190 781 4232 tantum
792 4197 849 4250 pas·
903 4179 947 4234 lor.
966 4178 1013 4244 VI,
1040 4193 1086 4246 32;
1113 4193 1151 4232 rs.
1178 4177 1319 4232 Taurum.
1345 4179 1363 4230 l.
1386 4194 1408 4231 c.
