3172 5044
358 446 398 492 20
771 449 1009 496 PROLEGOMENA
1050 496 1052 500 .

361 669 394 730 1;
412 646 476 719 cfr.
489 660 537 720 et.
556 649 630 742 15),
649 646 1066 722 Pseudo-Tertullianus
1080 649 1209 746 primis
1224 653 1423 747 quartode-

354 771 508 844 cimanis
522 770 699 845 adscribit
715 773 852 868 (Haer.
866 771 1005 871 XXII),
1024 775 1207 847 Pacianus
1225 801 1317 848 vero
1335 793 1421 850 ortu

354 898 541 971 Graecum
570 921 613 970 ac
641 897 905 971 montanistam
925 898 1038 971 fuisse
1057 899 1172 972 refert
1200 901 1281 996 (cfr.
1303 900 1421 984 Zahn,

353 1020 375 1093 l.
397 1025 460 1119 c.).
519 1019 641 1093 Huius
668 1035 849 1094 tractatus
876 1022 1088 1119 fragmenta
1115 1040 1218 1096 certa
1237 1025 1335 1099 nulla
1363 1051 1424 1098 su·

353 1160 522 1242 persunt;
554 1169 761 1218 consonum
791 1161 916 1218 tamen
949 1161 1006 1219 est
1039 1147 1092 1219 rei
1120 1148 1336 1245 propositae
1365 1176 1424 1223 ar·

352 1296 504 1343 menum
531 1268 618 1341 VIII
649 1269 768 1366 (apud
798 1268 909 1354 Pina,
939 1296 975 1366 p.
1000 1273 1080 1368 34).

434 1400 470 1472 6.
486 1394 550 1467 Ad
568 1393 758 1466 Victorem
773 1395 884 1470 Rom.
905 1394 1012 1468 Pont.
1036 1395 1080 1468 Ir.
1101 1397 1288 1492 quaedam
1308 1399 1424 1496 scrip·

353 1520 445 1594 sisse
473 1515 627 1593 dubium
665 1544 749 1592 esse
786 1519 931 1616 nequit;
963 1519 1176 1617 fragmenta
1203 1521 1303 1594 enim
1336 1549 1423 1620 per-

351 1645 480 1741 spicua
499 1659 700 1740 supersunt
713 1668 850 1740 graece
870 1643 946 1716 duo
967 1645 1047 1740 (nn.
1072 1669 1092 1737 3
1115 1660 1153 1717 et
1171 1668 1195 1736 4
1212 1644 1419 1743 distincta),

351 1793 510 1866 quorum
548 1792 662 1840 unum
701 1767 814 1840 refert
851 1767 990 1841 Euseb.
1022 1769 1079 1846 H.
1114 1770 1161 1841 E.
1187 1768 1234 1854 V,
1269 1793 1327 1861 24,
1367 1771 1422 1844 al-

352 1909 483 1976 terum,
522 1891 676 1964 brevem
715 1891 940 1964 sententiam
976 1891 1152 1976 referens,
1193 1917 1224 1966 a·
1252 1893 1423 1967 Maximo

353 2017 522 2091 Confess
553 2040 663 2089 serm.
694 2016 761 2088 VII
790 2018 833 2089 de
859 2016 1017 2089 eleemos.
1047 2016 1255 2100 adducitur;
1286 2044 1334 2091 ex
1362 2045 1423 2115 sy·

352 2141 460 2215 riacis
474 2156 600 2214 autem
609 2139 772 2212 XXVIII
788 2140 860 2212 huc
876 2140 1043 2214 refertur.
1080 2138 1424 2238 Verumdisputant

352 2263 467 2338 critici
496 2289 584 2336 num
613 2289 687 2337 una
715 2262 824 2335 fuerit
852 2289 899 2336 an
928 2262 1054 2359 plures
1082 2261 1284 2360 epistolae:
1315 2264 1421 2336 Zahn

352 2391 634 2486 primumtenet,
649 2387 804 2461 Maximi
821 2388 1030 2484 (renuentis
1047 2393 1192 2484 tamen)
1205 2390 1423 2464 testimonio

352 2515 467 2588 fretus
476 2541 483 2598 ;
515 2514 693 2588 Harnack
712 2513 882 2596 alterum,
910 2537 985 2584 non
1013 2528 1090 2586 tam
1111 2513 1333 2611 Hieronymi
1353 2539 1422 2587 au-

351 2638 521 2713 ctoritate
542 2640 652 2735 (Vir.
676 2638 731 2710 z'll.
757 2642 824 2734 35)
853 2654 917 2710 aut
943 2637 1064 2710 Photii
1085 2638 1189 2734 (cod.
1219 2643 1309 2735 120)
1330 2665 1426 2712 con·

351 2763 480 2842 fidens.
497 2787 611 2858 quarn
639 2786 687 2834 ex
716 2763 793 2858 ipsa
825 2785 949 2833 rerum
977 2776 1290 2857 pertractatarum
1319 2762 1419 2834 serie

351 2913 529 2985 arguens:
552 2885 652 2958 haud
673 2886 779 2958 facile
798 2884 898 2958 enim
927 2885 1108 2957 suadetur
1131 2887 1176 2958 Ir.
1198 2901 1275 2958 tam
1303 2910 1426 2983 grave

352 3025 616 3108 argumentum
643 3010 753 3106 quale
781 3026 888 3082 erant
908 3008 1048 3081 Florini
1073 3007 1250 3082 haeretici
1271 3009 1306 3082 in
1328 3007 1437 3086 chri.

353 3135 530 3210 stifideles
572 3135 709 3208 damna
751 3134 903 3231 (fragm.
946 3159 1020 3229 syr.
1065 3130 1131 3237 28)
1168 3148 1312 3206 tantum
1354 3158 1426 3229 per

353 3277 593 3333 transennam
621 3258 793 3356 tetigisse
819 3257 856 3330 in
885 3258 1018 3331 eadem
1043 3257 1201 3353 epistola
1221 3283 1296 3354 qua
1319 3257 1425 3355 pacis

353 3401 482 3458 auctor
501 3382 731 3456 efficiebatur
759 3382 945 3481 episcopis
977 3383 1129 3455 orientis
1153 3398 1191 3455 et
1218 3381 1426 3455 occidentis

354 3509 402 3582 de
444 3508 588 3581 Pascha
628 3505 763 3580 acriter
803 3507 1119 3580 dissentientibus.
1191 3507 1426 3602 Fragmento

354 3659 479 3732 graec.
496 3633 556 3716 ΙΙΙ,
574 3632 749 3704 addenda
763 3648 820 3705 est
835 3631 948 3705 etiam
964 3631 1141 3728 allegatio
1157 3655 1271 3727 quam
1290 3646 1426 3703 auctor
1492 3683 1496 3686 -

356 3762 462 3853 Resp.
492 3766 628 3854 quaest.
660 3777 728 3850 115
756 3756 810 3828 ed
837 3756 993 3831 Orllred.
1029 3755 1115 3827 facit
1148 3755 1340 3827 cuiusdam
1374 3754 1426 3832 Ir.

353 3887 428 3974 Περὶ
450 3897 503 3952 τοῦ
526 3887 642 3971 Πάσχα
664 3887 768 3972 λόγος
789 3881 858 3953 nisi
875 3879 1049 3952 malueris
1064 3880 1193 3953 dicere
1205 3878 1424 3952 huiusmodi

354 4006 617 4105 allegationem
653 4005 783 4078 falsam
817 4031 900 4078 esse
933 4030 977 4078 ac
1011 4004 1234 4078 sententiam
1273 4005 1428 4076 desum·

355 4150 458 4228 ptam
486 4157 535 4205 ex
562 4130 781 4204 Tertulliani
801 4130 896 4203 libro
923 4130 1158 4214 deieratione,
1181 4128 1244 4201 ubi
1264 4142 1423 4226 prostat.
