3230 5062
181 444 265 512 (xlx,
289 447 339 516 at]
608 449 698 496 tinea
722 448 836 495 annus
1191 429 1248 514 183

180 665 281 732 neque
298 644 458 710 masculus
478 667 579 734 neque
597 642 714 712 femina
737 661 794 726 est,
818 643 918 710 voluit
934 666 1028 710 suum
1047 641 1252 710 inenarrabile

180 749 336 817 narrabile
352 750 430 833 lieri,
446 768 477 816 et
490 750 574 840 quod
591 749 746 818 invisibile
762 748 847 833 (sibi)
864 767 921 831 est,
939 749 1118 832 formasse>
1133 753 1253 838 aperuit

179 879 227 938 os,
251 874 283 924 et
308 857 438 946 protulit
461 856 603 924 Verbum
623 856 724 924 simile
748 857 822 924 sibi:
847 856 931 946 quod
950 856 1102 924 adsistens
1118 856 1253 924 ostendit

179 964 207 1030 ei
238 964 415 1053 quoderat
445 965 521 1052 ipse,
545 987 643 1053 quum
675 962 840 1030 invisibilis
855 963 889 1016 (²)
921 962 1021 1030 forma
1048 965 1250 1052 apparuisset.

179 1070 364 1138 Enuntiatio
375 1088 481 1137 autem
494 1072 633 1138 nominis
646 1069 724 1138 facta
733 1088 780 1136 est
793 1070 877 1136 talis:
887 1071 1051 1158 Loquutus
1064 1087 1111 1138 est
1118 1070 1250 1137 verbum

178 1179 323 1265 primum
336 1179 475 1244 nominis
491 1179 573 1258 eius3
588 1176 646 1245 fuit
657 1177 788 1265 ἀρχή,(5)
802 1194 833 1243 et
845 1176 1002 1264 syllabetu
1014 1178 1080 1244 eius
1093 1178 1253 1246 literarum

178 1299 325 1372 quatuor.
374 1284 546 1352 Coniunxit
573 1301 602 1350 et
631 1283 812 1364 secundam,
844 1300 873 1349 et
905 1282 962 1350 fuit
990 1283 1066 1350 haec
1090 1285 1251 1351 literarum

179 1408 326 1479 quatuor.
374 1391 450 1458 Post
481 1389 628 1478 loquutus
658 1407 703 1456 est
727 1407 757 1456 et
781 1391 916 1472 tertiam,
944 1407 975 1456 et
999 1389 1056 1457 fuit
1085 1391 1160 1457 haec
1184 1390 1253 1456 lite·

180 1519 287 1564 rarum
313 1519 345 1564 x.
393 1497 431 1564 Et
446 1521 528 1578 eam,
547 1519 625 1586 quae
644 1513 692 1562 est
709 1513 780 1584 post
799 1495 885 1578 haec,
904 1496 1052 1584 loquutus
1068 1513 1125 1578 est,
1145 1515 1175 1562 et
1195 1495 1253 1562 fuit

180 1604 246 1691 ipsa
271 1603 434 1670 literarum
458 1624 511 1670 x11.
560 1603 651 1670 Facta
675 1619 722 1669 est
741 1624 817 1691 ergo
840 1604 1012 1669 enuntiatio
1032 1603 1170 1668 universi
1195 1625 1253 1668 no-

181 1710 289 1790 minis,
314 1711 474 1776 literarum
494 1731 571 1790 xxx,
601 1708 782 1775 sillabarum
806 1725 911 1776 autem
934 1725 1077 1796 quatuor.
1125 1709 1252 1776 Unum-

180 1960 270 2046 ᾰρρεν
294 1959 370 2046 μήτε
393 1961 484 2044 θῆλυ,
508 1959 661 2045 ἠθέλησεν
679 1962 770 2024 αὐτοῦ
792 1963 827 2023 τὸ
846 1959 973 2044 ἄρρητον
995 1958 1082 2044 ρητὸν
1105 1957 1252 2043 γενέσθαι

179 2069 234 2131 τισί
255 2071 292 2130 το
314 2065 442 2149 ἀρ’ροιτον
472 2065 678 2150 μορρωθηναι,
702 2063 800 2150 ἤνοιξε
823 2069 857 2128 τὸ
885 2065 985 2150 στόμα
1013 2066 1067 2128 καί
1097 2065 1252 2150 προήκατο

182 2172 285 2258 Λόγον
309 2175 410 2256 ὅμοιον
434 2174 532 2256 αὑτῷ·
556 2173 588 2248 ὃς
611 2174 766 2257 παραστὰς
789 2171 938 2249 ἐπέδειξεν
961 2173 1042 2255 αὐτῷ
1061 2173 1078 2236 ὃ
1097 2172 1142 2255 ἠν,
1164 2175 1252 2249 arbelae

180 2291 234 2344 τοῦ
266 2280 397 2365 ἀοράτου
427 2281 526 2365 μορφὴ
551 2278 661 2368 φοινείς.
718 2277 759 2344 Ἡ
782 2280 816 2342 δὲ
839 2277 1005 2362 ὲκρώνησις
1028 2287 1080 2344 τοῦ
1108 2279 1252 2363 ονοματος

182 2388 304 2474 ἐγένετο
316 2387 453 2472 rotatim·
471 2387 604 2471 ἐλάλησε
619 2384 711 2472 λόγον
725 2390 775 2450 τὸν
791 2395 907 2469 πρῶτον
922 2394 975 2449 τοῦ
989 2386 1134 2470 ὀνόματος
1150 2388 1251 2468 αὐτοῦ,

181 2497 246 2580 Ιίχτις
268 2495 305 2578 ἠν
328 2497 420 2580 ἀρχὴ,
442 2496 494 2558 καί
515 2496 552 2577 ἠν
575 2493 594 2576 ἡ
618 2491 755 2580 συλλαβὴ
787 2494 878 2556 αὐτοῦ
908 2491 1064 2577 στοιχείων
1086 2491 1251 2576 τεσσίιρων.

183 2599 372 2684 Ἐπισυνῆψε
395 2602 448 2664 καί
469 2602 523 2684 τὴν
540 2599 698 2686 δευτέραν·
717 2601 771 2663 καί
788 2601 824 2682 ἠν
843 2600 895 2661 καί
912 2601 988 2682 αὐτὴ
1008 2599 1165 2682 στοιχείων
1187 2619 1251 2662 τισ·

182 2707 294 2792 σίιρων.
341 2704 433 2790 Ἑξῆς
450 2705 582 2790 ἐλίιλησε
600 2708 652 2789 τὴν
671 2706 787 2790 τρίτην·
807 2707 861 2769 καί
879 2705 916 2789 ἠν
933 2707 985 2768 καὶ
1004 2706 1078 2788 αὐτὴ
1097 2703 1253 2789 στοιχείων

183 2813 269 2878 δέκα.
313 2813 376 2878 Καὶ
386 2816 439 2896 τὴν
454 2815 531 2897 μετὰ
545 2822 640 2877 ταῦτα
655 2812 805 2897 ἐλάλησε·
821 2813 874 2875 καὶ
887 2812 923 2894 ἡν
938 2813 991 2874 καί
1006 2813 1081 2894 αὐτὴ
1096 2809 1254 2894 στοιχείων

182 2919 313 2986 δώδεκα.
360 2919 503 3004 Ἐγένετο
526 2921 577 2983 οὖν
600 2919 619 3002 ἡ
643 2916 810 3003 ὲκρώνησις
832 2927 885 2983 τοῦ
908 2917 981 2981 ὅλου
1004 2917 1147 3000 ονοματος
1176 2937 1253 2980 στοι-

183 3028 277 3112 χείων
291 3029 346 3112 μὲν
359 3027 527 3113 τριάκοντα,
544 3027 703 3112 συλλαβῶν
716 3025 750 3090 δὲ
765 3025 928 3110 τεσσάρων.
974 3025 1130 3089 Ἕκαστον
1145 3025 1178 3088 δὲ
1194 3033 1252 3088 τῶν

223 3255 264 3320 (1)
284 3253 303 3306 l.
323 3269 358 3306 e.:
382 3273 393 3300 ιι
404 3253 473 3322 quod
493 3252 624 3306 invisibile
643 3263 691 3315 est,
747 3251 892 3321 respective
903 3251 992 3303 literas
1000 3250 1131 3318 (Aeones)
1145 3259 1254 3316 4÷4÷

187 3359 202 3387 ιι
213 3337 246 3390 ad
265 3337 305 3390 sui
323 3335 436 3390 sormam
459 3334 584 3406 effingi».
746 3346 892 3396 -4-10412
903 3359 920 3380 =
934 3349 965 3402 30
980 3334 1126 3388 continent.
1164 3333 1252 3397 Quae-

223 3423 265 3487 (ο)
283 3419 423 3473 Genitivus
441 3431 495 3472 est:
514 3437 554 3490 gr.
566 3422 690 3486 ἀοράτου.
746 3438 810 3474 nam
829 3421 882 3472 sint
901 3420 951 3472 hae
972 3419 1089 3490 syllabae
1114 3419 1252 3489 ignoratur

184 3504 223 3558 Ut
236 3505 371 3575 sequentia
384 3503 549 3574 aliquatenus
559 3503 691 3573 intelligas
747 3504 805 3574 (cfr.
825 3517 859 3558 et.
888 3521 910 3558 c.
931 3504 990 3567 XV,
1014 3505 1056 3570 r):
1078 3519 1171 3556 verum
1190 3503 1252 3556 hinc

184 3589 293 3643 attende
317 3588 468 3642 universam
496 3587 614 3658 genesim
635 3587 692 3640 Ple·
746 3590 828 3643 etiam
838 3589 972 3659 percipere
981 3587 1178 3650 licet‚Pleroma
1186 3604 1252 3657 gno·

186 3673 296 3726 romatis
314 3672 382 3725 tradi
401 3689 416 3724 a
435 3671 526 3724 Marto
545 3671 572 3724 in
592 3671 692 3723 mani·
746 3674 842 3726 sticum
855 3689 910 3725 non
923 3689 980 3724 esse
995 3673 1045 3724 nisi
1062 3670 1253 3726 manifestatio·

186 3759 374 3814 festatione
394 3759 510 3814 nominis
529 3759 628 3812 Patris:
643 3759 693 3812 Pa·
746 3775 809 3810 nem
829 3757 959 3810 essentiae
977 3756 1035 3810 Dei.

185 3857 227 3898 ter
244 3846 317 3898 enim
332 3857 360 3898 ut
379 3861 407 3898 se
426 3843 585 3914 intelligeret
604 3843 692 3896 emisit
783 3843 825 3910 (ς)
844 3841 976 3894 Restitue:
1001 3843 1099 3893 initium
1124 3839 1252 3892 nominis:

186 3927 320 3989 Verbum3
342 3927 458 3981 Verbum
478 3939 576 3992 autem,
597 3939 625 3979 ut
644 3926 693 3979 Pa·
748 3926 818 3991 ἀρχή
834 3924 906 3977 enim
922 3924 964 3976 hic
983 3939 1126 3976 commune
1144 3923 1253 3975 verbum

185 4023 255 4065 trem
274 4012 380 4074 diceret,
400 4011 476 4064 huius
493 4027 592 4064 nomen
610 4027 693 4064 enun·
748 4020 796 4072 est,
806 4025 860 4061 non
872 4025 970 4061 nomen
981 4008 1068 4078 ipsum
1079 4007 1172 4058 Patris.
1204 4006 1253 4058 lnt.

185 4095 275 4148 tiuvit:
295 4095 443 4149 enuntiatio
456 4094 573 4147 nominis
586 4093 614 4146 fit
630 4111 693 4164 qua·
748 4090 828 4144 salsus
846 4105 886 4145 est
905 4109 937 4144 ex
956 4092 998 4144 ltis
1016 4107 1083 4161 quae
1099 4091 1227 4142 adiacent.

184 4192 246 4234 tuor
256 4179 364 4251 syllabis
377 4177 613 4248 (seriesAeonum)
626 4194 693 4248 quae
783 4179 825 4244 (4)
845 4176 864 4228 l.
878 4193 901 4228 e.
917 4177 1070 4244 complexus
1084 4177 1142 4243 (σὺν
1155 4175 1254 4242 λαμβ.).
