3274 5100
351 451 414 514 290
639 454 767 500 menam
790 455 951 501 anv'ansus
974 454 1130 500 naereses
1254 452 1419 521 [xxX‚6-7

350 675 366 712 a
382 647 536 736 Anthropi
550 675 578 716 a.
626 647 829 716 conturbatis
845 665 950 714 autem
966 647 1114 714 omnibus
1122 647 1155 700 (¹)
1170 646 1206 714 ad
1226 669 1343 714 novam
1360 671 1419 713 vo-

348 779 429 835 cem,
453 773 484 822 et
507 753 687 845 inopinabili
712 756 953 843 nuncupatione,
974 771 1004 820 et
1018 753 1239 845 quaerentibus
1255 755 1337 821 unde
1356 756 1419 822 cla-

348 884 430 943 mor,
449 859 487 928 ad
511 861 689 930 avocandos
712 885 779 944 eos,
798 878 828 928 et
844 861 880 928 ad
899 885 932 928 se
948 859 1172 942 seducendum,
1188 860 1303 928 dixisse
1319 861 1419 929 Ialda-

348 966 443 1035 baoth
465 968 589 1036 dicunt:
622 969 777 1048 «Venite,
809 968 960 1035 faciamus
989 968 1155 1034 hominem
1179 968 1216 1036 ad
1244 970 1417 1056 imaginem

354 1077 611 1142 anostram».(²)
656 1077 717 1143 Sex
741 1090 845 1141 autem
869 1076 1000 1142 virtutes
1024 1072 1183 1142 audientes
1205 1074 1292 1156 haec,
1317 1094 1418 1142 matre

347 1181 439 1250 dante
469 1183 529 1250 illis
553 1183 815 1270 excogitationem
846 1182 997 1263 hominis,
1032 1183 1076 1247 uti
1107 1204 1162 1269 per
1191 1205 1264 1248 eum
1287 1201 1417 1249 evacuet

348 1314 402 1356 eos
418 1314 435 1356 a
451 1290 610 1378 principali
630 1292 756 1372 virtute,
774 1291 997 1356 convenientes
1017 1288 1231 1356 formaverunt
1251 1289 1416 1356 hominem

347 1398 540 1463 immensum
565 1395 726 1464 latitudine
749 1412 779 1463 et
802 1395 1015 1484 longitudine:
1044 1397 1211 1461 scarizante
1242 1412 1346 1462 autem
1378 1418 1418 1462 eo

347 1520 479 1584 tanturn,
503 1503 695 1571 advexerunt
718 1525 791 1568 eurn
816 1503 893 1590 patri
917 1525 987 1582 suo,
1010 1519 1041 1567 et
1060 1500 1120 1567 hoc
1137 1500 1252 1590 Sophia
1268 1518 1418 1588 operante

347 1613 391 1677 uti
415 1627 445 1677 et
462 1611 551 1676 illum
567 1627 697 1676 evacuet
712 1608 750 1676 ab
767 1608 999 1676 humectatione
1014 1609 1155 1690 luminis,
1171 1610 1214 1673 uti
1231 1631 1295 1674 non
1311 1627 1417 1696 posset

352 1719 430 1804 erigi
456 1717 605 1790 adversus
638 1739 693 1782 eos
721 1716 774 1804 qui
800 1739 926 1782 sursum
962 1713 1074 1805 [sunt],
1106 1715 1222 1780 habens
1255 1717 1417 1780 virtutem.

345 1824 403 1890 lllo
426 1841 531 1890 autern
552 1821 729 1890 insufflante
753 1824 785 1888 in
809 1822 974 1888 hominem
998 1823 1142 1909 spiritum
1167 1824 1259 1903 vitae,
1285 1823 1418 1889 latenter

346 1947 532 1997 evacuatum
562 1953 635 1996 eum
666 1953 683 1996 a
714 1927 1011 1996 virtutedicunetat
1042 1928 1206 1995 huminem
1222 1945 1325 1995 autem
1343 1928 1417 1995 inde

347 2037 491 2104 hahuisse
515 2060 591 2118 nun,
614 2053 644 2102 et
668 2035 882 2122 enthymesin;
907 2053 938 2102 et
961 2034 1035 2102 haec
1059 2059 1128 2102 esse
1147 2058 1226 2123 quae
1246 2037 1419 2117 salvamur,

345 2143 469 2210 dicunt:
494 2159 525 2210 et
548 2144 653 2210 statim
677 2143 791 2230 gratias
810 2165 901 2230 agere
920 2165 994 2208 eum
1015 2143 1124 2209 Primo
1140 2143 1283 2222 Homini,
1301 2143 1418 2208 relictis

348 2249 592 2316 fabricatoribus
608 2251 641 2303 (⁴)

349 2432 363 2461 a
374 2414 505 2478 hprirarouu
519 2450 525 2465 .
538 2413 678 2464 ..Τούτων
694 2414 724 2462 δὲ
741 2413 1015 2481 praestantiorem
1029 2411 1118 2476 λόγων
1130 2411 1175 2462 τοῦ
1192 2417 1277 2480 ὄφεως
1293 2412 1308 2462 ὁ
1323 2412 1419 2478 Πατὴρ

347 2505 409 2568 ἔφη,
428 2507 532 2554 «Δεῦτε
551 2503 701 2567 ποιήσωμεν
719 2501 861 2569 ἄνθρωπον
880 2499 939 2550 κατ’
950 2501 1042 2550 aratia
1060 2501 1170 2565 ἡμῶν».

383 2673 425 2739 (r)
445 2671 547 2724 Omnes
567 2671 638 2724 enim
658 2683 759 2741 septem
778 2671 853 2739 igno-

346 2769 405 2810 rant
425 2756 577 2826 quempiam
597 2772 673 2825 super
692 2755 751 2807 illos
770 2771 834 2806 esse.

382 2845 424 2908 (2)
442 2840 543 2892 Intellz
563 2839 649 2892 Mater
667 2839 788 2908 obiurgat
805 2839 854 2891 lal-

346 2925 461 2978 dabaoth
481 2941 558 2994 supra
578 2923 653 2976 illurn
668 2939 725 2977 esse
743 2923 853 2975 Protan-

346 3012 462 3080 thropon
481 3026 527 3062 seu
543 3009 657 3079 primum
677 3009 797 3060 ltmninem
812 3010 852 3073 (ut

346 3096 372 3148 hi
387 3094 499 3164 gnostici
520 3104 616 3146 vocant
633 3110 766 3145 summum
782 3092 853 3162 prin·

346 3180 471 3248 cipiunr);
487 3195 537 3248 qua
548 3178 730 3246 obiurgatione
741 3176 794 3228 iam
808 3193 853 3227 sex

346 3263 486 3314 archontes
516 3277 561 3313 seu
581 3259 698 3313 Virtutes
718 3259 784 3326 (Iao,
808 3258 853 3311 Sa-

347 3346 427 3398 baoth
446 3346 509 3414 etc.)
529 3363 543 3397 a
564 3344 717 3396 laldabaoth
739 3343 853 3412 separari

346 3441 475 3500 quaerunt
495 3441 520 3482 et
540 3430 571 3481 ad
589 3429 702 3482 Matrem
714 3427 790 3494 (unde
802 3427 826 3479 cl
844 3457 852 3466 -

346 3519 414 3582 araur)
426 3514 542 3584 adiungi.
576 3513 613 3566 Ut
624 3514 672 3565 hos
683 3513 730 3565 sibi
741 3513 852 3565 retineat

346 3600 410 3651 lald.
423 3599 584 3652 creationem
598 3598 705 3650 bortrinis
718 3597 768 3650 illis
779 3613 852 3648 man-

345 3685 399 3748 dat,
419 3695 447 3736 ut
466 3684 588 3736 ostendat
612 3683 692 3736 etiam
715 3682 853 3734 hominem

345 3786 424 3839 quern
444 3768 530 3821 Mater
548 3767 696 3830 annuntiat,
715 3767 762 3820 sub
782 3783 808 3819 se
827 3779 853 3818 et

346 3854 397 3905 illis
415 3868 480 3905 esse.
517 3851 604 3904 Mater
622 3867 688 3922 quae
706 3867 752 3921 per
766 3850 853 3903 homi-

345 3955 407 3990 nem
428 3937 498 3990 hunc
523 3949 609 4005 sperat
629 3936 679 3988 deo
698 3935 853 3988 laldabaoth

345 4033 371 4074 et
390 4021 443 4074 suis
462 4021 615 4074 subtrahere
633 4037 709 4089 posse
724 4021 853 4090 priucipa-

346 4106 392 4157 lem
411 4109 528 4158 virtatem
548 4106 607 4174 (seu
626 4106 853 4158 humectationem

345 4190 453 4242 luminis
473 4206 539 4260 quae
558 4189 584 4242 in
603 4206 636 4242 eo
655 4202 694 4243 est
714 4207 729 4241 a
747 4207 853 4242 summo

908 2669 1037 2740 principio
1051 2685 1066 2722 a
1081 2686 1133 2740 quo
1152 2680 1178 2722 et
1197 2668 1253 2739 ipsa
1272 2669 1418 2735 descendit,

908 2769 1025 2825 quaeque
1040 2754 1076 2806 illi
1094 2754 1161 2806 ratio
1179 2765 1218 2805 est
1231 2753 1376 2807 nobilitatis
1389 2767 1417 2806 et

908 2839 1043 2909 superbiae
1062 2839 1154 2906 simul)
1173 2839 1234 2892 huic
1247 2839 1319 2908 operi
1335 2837 1417 2904 savet,

909 2924 1066 2993 praebetque
1085 2923 1140 2992 ipsa
1160 2921 1219 2990 (cfr.
1236 2939 1258 2977 c.
1272 2922 1305 2986 V,
1328 2939 1350 2987 1,
1369 2921 1417 2975 hn.

911 3023 933 3076 3,
947 3006 963 3061 6
975 3011 1039 3075 etc.)
1050 3009 1136 3078 operis
1149 3010 1353 3078 excogitationem
1370 3024 1416 3060 seu

908 3104 1013 3163 typum,
1033 3093 1168 3162 exemplar
1187 3103 1212 3144 et
1232 3091 1337 3144 similia.

944 3179 985 3244 (3)
1004 3176 1023 3229 Ι.
1045 3193 1068 3230 e.
1091 3176 1190 3229 laldab.
1220 3175 1359 3228 insufflans
1387 3176 1416 3228 in

907 3261 1045 3314 hominem
1058 3261 1185 3329 (debilem
1204 3272 1229 3314 et
1249 3277 1362 3330 pronum
1376 3277 1417 3313 re-

909 3357 1013 3414 pentem
1027 3346 1061 3398 ob
1081 3343 1183 3398 delectu
1196 3345 1236 3397 vis
1249 3356 1274 3397 et
1286 3344 1417 3398 scintillae

907 3428 1015 3482 luminis
1030 3427 1087 3498 [cfr.
1103 3429 1225 3481 SATURN,
1239 3445 1261 3481 c.
1276 3427 1361 3493 XXV,
1376 3428 1417 3497 1])

908 3514 1028 3584 spiritum
1039 3515 1109 3566 vitae
1122 3529 1167 3567 seu
1181 3513 1254 3577 lucis,
1267 3513 1357 3566 statim
1371 3528 1417 3565 eo·

908 3599 968 3651 dem
989 3597 1080 3667 spiritu
1100 3615 1127 3650 se
1146 3598 1241 3667 privat,
1267 3613 1320 3667 quo
1344 3593 1416 3649 sacto

907 3681 1206 3736 frausMatriseffectum
1216 3682 1333 3734 sortitur.
1367 3679 1416 3733 Re·

907 3778 959 3819 stat
978 3784 1048 3820 nunc
1067 3779 1096 3820 ut
1111 3766 1250 3820 homiuem
1264 3765 1308 3818 illa
1321 3777 1416 3818 contra

908 3851 1062 3905 laldabaoth
1072 3863 1265 3922 repugnantem
1276 3867 1322 3904 seu
1334 3851 1417 3903 rebel-

908 3936 960 3988 lem
980 3935 1066 4001 saciat,
1076 3937 1147 4007 quod
1162 3935 1331 4006 sequentibus
1347 3935 1416 3988 obti-

907 4033 960 4074 nel.

943 4108 986 4172 (4)
996 4105 1094 4170 HomO,
1107 4105 1198 4176 spiritu
1209 4106 1280 4159 vitae
1292 4123 1338 4158 seu
1349 4104 1417 4158 lucis

907 4190 935 4242 in
951 4205 977 4242 se
994 4203 1107 4261 recepto,
1120 4189 1258 4243 instruitur
1272 4191 1305 4243 ad
1321 4205 1416 4243 veruna
