3238 5090
649 475 778 521 lRENAEl
801 475 961 522 ADVERSUS
984 475 1140 521 HAERESES

364 454 424 538 398

1285 473 1356 542 [XX.
1378 487 1434 540 ²·5

361 671 451 734 Acon
483 666 566 758 quod
591 670 631 734 sit
654 691 762 757 passus
793 667 911 749 dicunt,
935 668 1027 736 ludas
1055 686 1161 735 autem
1184 668 1267 758 quod
1293 671 1332 736 sit
1354 693 1438 756 pro-

359 776 452 842 ditor.
499 777 623 842 Patiens
647 792 752 842 autem
777 775 922 844 Christus
946 777 1031 842 venit
1050 775 1087 843 ad
1107 777 1297 864 passionem,
1313 793 1343 843 et
1362 800 1436 844 non

360 880 468 948 ludas:
485 898 515 947 et
539 883 598 968 ipsi
621 879 818 948 confitentur.
867 879 1043 962 Quomodo
1067 883 1161 970 igitur
1183 869 1275 948 ludas
1297 881 1438 948 traditor

360 989 438 1069 eius,
457 987 510 1075 qui
534 1009 591 1074 pro
614 1004 722 1054 nostra
746 987 843 1053 salute
863 988 924 1074 pati
944 985 1061 1068 habuit,
1077 1006 1171 1076 typus
1188 1003 1218 1054 et
1234 989 1341 1076 imago
1360 1011 1436 1054 esse

361 1111 481 1184 poterat
505 1096 586 1181 passi
610 1094 753 1160 Aeonis?

429 1223 458 1288 3.
483 1201 542 1292 [2].
588 1200 649 1268 Sed
674 1223 774 1288 neque
805 1199 925 1269 Christi
952 1201 1055 1287 passio
1079 1201 1192 1267 similis
1223 1217 1269 1268 est
1292 1203 1436 1289 passioni

361 1311 490 1390 Aeonis,
515 1332 615 1396 neque
640 1310 672 1374 in
695 1307 851 1374 similibus
875 1306 964 1373 facta.
1025 1309 1117 1374 Aeon
1141 1309 1227 1374 enim
1251 1331 1359 1396 passus
1383 1326 1436 1374 est

361 1417 539 1503 passionem
574 1414 788 1481 dissolutionis
812 1431 842 1481 et
865 1413 1058 1502 perditionis²
1082 1416 1123 1480 ita
1146 1431 1181 1481 ut
1204 1415 1434 1503 periclitaretur

361 1525 436 1610 ipse,
460 1524 512 1611 qui
537 1520 718 1611 patiebatur,
742 1538 772 1588 et
796 1523 973 1609 corrumpi:
1004 1522 1163 1588 Dominus
1191 1539 1297 1588 autem
1320 1541 1434 1590 noster

362 1630 508 1699 Christus
531 1653 640 1718 passus
659 1647 705 1695 est
729 1632 908 1718 passionem
932 1628 1079 1710 validam,
1103 1645 1134 1695 et
1156 1652 1235 1717 quae
1259 1652 1324 1695 non
1347 1632 1433 1696 acci-

360 1736 507 1817 uerene>
534 1759 599 1802 non
629 1737 733 1803 solum
764 1738 830 1824 ipse
859 1759 924 1802 non
954 1735 1143 1824 periclitatus
1175 1736 1346 1824 corrumpi,
1375 1737 1432 1803 sed

361 1861 391 1909 et
415 1859 597 1931 corruptum
621 1843 785 1909 hominem
814 1842 951 1909 firmavit
983 1842 1095 1909 robore
1124 1865 1193 1924 suo,
1216 1858 1246 1908 et
1270 1844 1301 1908 in
1325 1843 1434 1908 incor-

362 1952 539 2038 ruptionem
563 1951 733 2016 revocavit.
781 1950 820 2015 Et
842 1952 934 2015 Aeon
956 1947 1082 2038 quidem
1107 1971 1216 2036 passus
1239 1964 1286 2014 est
1309 1950 1433 2035 passio-

362 2081 436 2123 nem
459 2059 524 2145 ipse
548 2059 708 2145 requirens
734 2058 870 2137 Patrem,
895 2073 925 2122 et
956 2079 1022 2122 non
1053 2056 1234 2143 praevalens
1265 2057 1431 2124 inuenire:

363 2163 521 2229 Dominus
545 2178 650 2228 autem
673 2186 783 2250 passus
806 2180 863 2242 est,
880 2178 913 2228 ut
937 2185 992 2228 eos
1015 2162 1068 2248 qui
1092 2181 1273 2230 erraverunt
1289 2185 1306 2228 a
1325 2163 1432 2244 Patre,

362 2269 398 2337 ad
420 2271 623 2358 agnitionem,
640 2287 670 2335 et
689 2272 773 2336 iuxta
793 2293 866 2335 enm
886 2267 1062 2336 adduceret.
1117 2270 1155 2336 Et
1171 2270 1215 2335 illi
1234 2269 1361 2358 quidem
1381 2272 1434 2336 in-

361 2377 489 2463 quisitio
513 2376 737 2463 magnitudinis
755 2377 854 2442 Patris
873 2373 964 2441 fiebat
987 2376 1091 2462 passio
1115 2374 1316 2462 perditionis:
1337 2373 1433 2440 nobis

363 2500 467 2549 autem
491 2483 651 2549 Dominus
674 2506 794 2571 passm,
813 2483 1003 2570 agnitionem
1030 2483 1129 2548 Patris
1153 2480 1329 2562 conferens,
1347 2481 1434 2547 salu-

362 2607 427 2656 tem
451 2589 588 2656 donavit.
636 2590 674 2655 Et
693 2589 774 2656 illius
793 2589 920 2678 quidem
944 2590 1048 2676 passio
1073 2587 1269 2655 fructificavit
1291 2586 1431 2655 fructum

363 2697 546 2777 femineum,
571 2697 651 2762 sicut
673 2694 792 2777 dicunt,
817 2694 1001 2777 invalidum,
1025 2712 1055 2761 et
1079 2693 1253 2775 infirmum,
1277 2713 1307 2761 et
1330 2692 1433 2761 inlot-

363 2825 460 2883 mem,
484 2818 514 2867 et
538 2800 749 2868 inefficacem:
773 2802 862 2867 istius
886 2817 989 2867 autem
1015 2803 1118 2888 passio
1143 2799 1341 2868 fructificavit
1366 2801 1432 2868 for-

362 2909 526 2975 titudinem
551 2926 580 2974 et
604 2910 763 2974 virtutem.
812 2935 827 2972 a
843 2907 1024 2975 Ascendens
1041 2910 1126 2974 enim
1146 2909 1178 2973 in
1199 2906 1428 2974 altitudinem»

400 3111 441 3177 (1)
460 3107 497 3162 Ut
516 3109 580 3161 baec
600 3120 777 3179 opponantur,
792 3119 868 3178 prout

363 3211 396 3246 ex
411 3206 501 3246 mente
516 3193 617 3246 lrenaei
638 3192 755 3263 prolecto
770 3191 868 3263 opponi

364 3277 467 3342 debent,
487 3277 519 3329 ad
542 3277 724 3347 praecedentia
747 3277 869 3347 «passio-

367 3383 379 3410 ι(
390 3377 452 3414 nem
463 3361 642 3415 dissolutionis
652 3374 677 3414 et
689 3360 843 3431 perditionis
852 3381 865 3409 n

364 3449 549 3515 (καταλύσεως
577 3451 624 3499 καὶ
650 3447 798 3512 ἀπωλείας)
826 3445 869 3498 hic

363 3533 509 3601 optandum
518 3544 586 3584 esset
600 3551 614 3581 u
620 3531 833 3584 confirmativam
843 3541 869 3582 et

367 3637 380 3664 υ
390 3632 456 3685 qnae
470 3633 525 3668 non
538 3615 724 3669 abscinderet»
741 3616 796 3683 (vel
812 3617 869 3668 abs-

364 3699 484 3764 cederit),
500 3718 612 3771 quorum
632 3701 746 3771 primum
762 3701 795 3752 ad
811 3717 869 3770 per-

363 3785 501 3850 ditionem,
509 3786 619 3838 alterum
628 3785 660 3838 ad
668 3785 867 3838 dissolutionem

364 3870 518 3938 opponitur:
538 3886 570 3922 ex
585 3870 626 3922 his
645 3869 757 3922 alterum
779 3885 869 3938 aquae

367 3975 379 4002 «
391 3971 445 4006 non
467 3954 654 4007 abscinderet»
677 3953 819 4006 commode
837 3971 869 4005 ex

365 4037 466 4091 ratione
488 4037 706 4108 palaeographica
731 4037 759 4089 in
784 4036 870 4089 verbis

368 4141 381 4170 a
391 4139 458 4192 quae
467 4140 522 4175 non
535 4122 664 4175 accideret
674 4143 687 4170 n
705 4121 757 4191 legi
771 4133 870 4191 potest;

365 4206 478 4258 alterum
498 4223 561 4259 vero
577 4205 738 4275 permittitur
756 4223 788 4258 ex
805 4222 870 4258 voce

922 3126 1016 3180 graeca
1032 3112 1189 3174 ἐδραστικόν
1202 3109 1272 3179 quod
1288 3121 1431 3181 utrumque

922 3194 1040 3246 validum
1059 3205 1084 3246 et
1104 3192 1316 3246 confirmativum
1334 3193 1393 3260 (cl'r.
1410 3195 1431 3258 1,

923 3293 987 3342 1v,4
1000 3278 1032 3330 de
1045 3276 1131 3342 Horo)
1143 3277 1215 3330 reddi
1230 3287 1323 3346 potest.
1361 3277 1430 3331 Hinc

922 3377 1015 3432 graece
1027 3373 1093 3431 puto
1105 3360 1183 3414 fuisse
1196 3363 1352 3425 ἐδραστικόν
1366 3366 1431 3426 (πά-

923 3447 986 3508 noe)
1005 3447 1052 3496 aul
1070 3447 1102 3498 ou
1117 3447 1275 3510 μεριστικόν.
1286 3443 1431 3499 —Verum

922 3529 987 3582 haec
1010 3546 1056 3599 per
1074 3528 1254 3582 coniecturam
1273 3529 1343 3582 dicta
1367 3529 1431 3583 sint.

923 3613 1024 3666 Maiore
1034 3624 1122 3665 autem
1133 3629 1194 3665 cum
1208 3611 1293 3664 fructu
1302 3613 1430 3667 lectorem

923 3697 1041 3750 attendat
1057 3696 1138 3750 velim
1158 3697 1190 3749 ad
1207 3713 1285 3749 aurea
1303 3697 1347 3750 illa
1363 3715 1431 3768 quae

923 3782 992 3836 lren.
1013 3781 1041 3835 in
1056 3781 1106 3835 hoc
1119 3782 1176 3851 §de
1191 3781 1356 3835 redemtione
1371 3800 1432 3853 pro-

923 3866 981 3921 fert.
1014 3867 1091 3930 Quae
1101 3867 1191 3920 omnia
1201 3867 1359 3937 complenda
1370 3881 1431 3920 sunt

924 3969 956 4004 ex
969 3952 1014 4016 ΙΙΙ,
1027 3967 1086 4016 xvr,
1100 3967 1129 4022 9;
1145 3967 1224 4016 xvrn,
1236 3966 1302 4020 4-7;
1315 3966 1363 4016 xx,
1373 3951 1431 4014 int.;

923 4040 970 4100 Εἰς
996 4035 1064 4089 tatu.
1092 4037 1198 4106 67-973
1221 4034 1266 4089 cfr.
1292 4035 1342 4088 alia
1361 4037 1432 4106 apud

923 4121 1022 4185 Saone,
1048 4119 1253 4193 Erldsungslehre
1270 4137 1295 4172 v.
1316 4118 1383 4173 Iron.
1404 4121 1432 4173 in

924 4204 1050 4269 Karnana,
1075 4203 1150 4274 1906.
