3238 5090
266 415 401 485 (XLVIII,
419 417 547 486 3-XLIX,
566 419 612 488 1).]
659 421 750 468 Lxxxx
769 421 933 467 sacuuous
1266 420 1330 486 459

258 608 380 676 fatuum
396 609 499 678 dicere
512 610 663 700 aliquem:
680 613 707 678 si
719 635 783 701 quo
796 613 913 693 minus,
926 635 998 678 reos
1014 634 1082 678 esse
1099 608 1281 677 huiusmodi
1298 611 1329 676 in

257 718 365 806 ignem
383 717 560 806 gehennae:
584 735 615 784 et
638 741 703 784 non
719 734 841 784 tantum
857 740 922 784 non
938 734 1110 805 percutere,
1127 714 1181 783 sed
1200 733 1232 784 et
1245 717 1331 804 ipsos

258 846 425 911 percussos
447 825 543 890 etiam
567 824 696 890 alterarn
719 840 875 912 praestare
900 822 1074 890 maxillam:
1095 838 1125 888 et
1144 844 1208 888 non
1225 823 1331 888 solum

257 952 323 996 non
342 929 494 1019 abnegare
515 953 594 1019 quae
613 945 685 996 sunt
704 929 813 1012 aliena,
833 929 999 996 sedetiam
1018 929 1043 994 si
1060 952 1116 995 sua
1141 927 1330 1009 auferantur,

257 1035 318 1102 illis
342 1059 407 1104 non
430 1036 643 1124 expostulare:
663 1051 693 1103 et
712 1059 777 1102 non
796 1037 901 1102 solum
925 1058 990 1102 non
1020 1033 1141 1102 laedere
1156 1034 1330 1122 proximos,

258 1163 359 1229 neque
371 1140 470 1208 facere
486 1141 560 1229 quid
575 1142 621 1209 eis
640 1141 772 1222 malum,
796 1139 850 1208 sed
866 1157 896 1206 et
915 1142 1039 1228 eosqui
1059 1141 1141 1206 male
1160 1155 1330 1207 tractantur

258 1247 479 1336 magnanimos
494 1270 573 1332 esse,
589 1263 619 1314 et
634 1247 859 1336 benignitatem
871 1269 1014 1313 exercere
1030 1270 1102 1334 erga
1115 1269 1181 1328 eos,
1194 1262 1225 1312 et
1241 1267 1330 1312 orare

257 1355 394 1442 procis,
418 1355 462 1420 uti
486 1355 711 1442 poenitentiam
734 1370 861 1442 agentes
885 1353 998 1420 salvari
1022 1355 1160 1443 possint3
1184 1355 1217 1420 in
1241 1352 1329 1419 nullo

258 1463 416 1528 imitantes
440 1483 498 1527 nos
521 1460 713 1549 reliquorum
737 1460 973 1540 contumeliam,
997 1478 1028 1526 et
1050 1458 1212 1527 libidinem
1229 1477 1259 1527 et
1278 1483 1330 1526 su-

259 1565 452 1656 perbiam.(¹)
498 1567 637 1650 Quando
660 1569 755 1656 igitur
779 1567 842 1649 ille,
865 1589 960 1654 quem
983 1568 1034 1634 isti
1053 1568 1241 1655 magistrum
1261 1568 1330 1654 glo-

257 1675 385 1755 riantur,
409 1691 536 1740 etcum
562 1673 662 1740 multo
687 1674 853 1741 meliorem
876 1691 907 1740 et
930 1673 1095 1740 fortiorem
1118 1674 1244 1762 reliquis
1263 1673 1330 1738 ani-

259 1803 345 1846 mam
357 1779 504 1846 babuisse
514 1780 632 1855 dicunt,
646 1803 719 1846 cum
734 1803 848 1867 magna
860 1779 1020 1868 diligentia
1032 1779 1185 1867 quaedam
1201 1778 1328 1866 quidem

257 1887 346 1952 iussit
367 1885 435 1953 fieri
457 1886 545 1975 quasi
569 1885 650 1953 bona
674 1903 704 1952 et
727 1887 861 1974 egregia,
885 1883 1072 1973 quibusdam
1096 1904 1202 1952 autem
1233 1884 1328 1952 absti-

257 2015 331 2060 nere
354 2015 418 2059 non
442 1993 548 2060 solum
571 1991 727 2081 operibuS,
746 1991 799 2060 sed
816 1995 911 2059 etiam
928 1992 977 2059 his
991 1989 1233 2080 cogitationibus
1249 2014 1328 2081 quae

257 2095 295 2164 ad
318 2120 412 2186 opera
430 2098 559 2178 ducunt,
577 2099 666 2185 quasi
682 2097 774 2164 malis
797 2114 827 2164 et
850 2099 972 2164 nocivis
991 2115 1021 2164 et
1040 2121 1193 2186 nequam:
1216 2120 1328 2186 quem-

257 2203 430 2272 admodum
450 2205 636 2292 magistrum
655 2202 793 2272 dicentes
812 2204 908 2271 talem
927 2204 1093 2272 fortiorem
1112 2221 1141 2270 et
1162 2203 1326 2270 meliorem

257 2310 394 2399 reliquis
417 2310 529 2378 deinde
544 2333 623 2399 quae
641 2328 714 2378 sunt
730 2312 884 2379 contraria
901 2313 968 2378 eius
983 2311 1143 2379 doctrinae
1162 2310 1327 2378 manifeste

258 2418 490 2505 praecipientes
506 2440 572 2483 non
588 2417 838 2484 confundantur?
884 2418 922 2484 Et
945 2419 972 2484 si
995 2417 1121 2505 quidem
1146 2417 1225 2484 nihil
1247 2434 1328 2483 esset

257 2523 332 2590 maii
357 2541 409 2590 aut
432 2546 541 2590 rursus
565 2523 650 2606 boni,
674 2525 823 2611 opinione
845 2539 952 2590 autem
976 2524 1042 2590 sola
1066 2523 1214 2606 humana,
1234 2547 1328 2612 quae-

255 2629 328 2696 dam
344 2629 471 2718 quidem
490 2630 615 2710 iniusta,
638 2629 790 2717 quaedam
815 2646 921 2697 autem
944 2631 1024 2696 iusta
1049 2645 1241 2718 putarentur,
1261 2651 1327 2696 non

256 2737 362 2824 utique
383 2735 513 2804 dixisset
535 2735 762 2826 dogmatizans,
787 2737 830 2818 <id
850 2755 898 2804 est
915 2737 1062 2820 docens>:
1092 2739 1196 2812 «Iusti
1220 2755 1327 2804 autem

259 2869 274 2905 a
288 2841 449 2931 fulgebunt
466 2845 547 2910 sicut
561 2844 609 2912 sol
622 2845 654 2910 in
667 2867 766 2934 regno
775 2845 874 2910 Patris
893 2867 1005 2911 eorum
1021 2870 1056 2912 u:
1075 2845 1208 2911 iniustos
1221 2862 1325 2912 autem

255 2949 350 3037 etqui
363 2971 427 3016 non
440 2949 556 3016 faciunt
568 2973 664 3038 opera
676 2951 821 3030 iustitiae,
837 2951 938 3016 mittet
957 2977 972 3014 α
988 2952 1021 3016 in
1033 2952 1140 3039 ignem
1152 2967 1326 3032 aeternum,

262 3081 277 3116 u
290 3055 341 3120 ubi
369 3056 486 3122 vermis
512 3057 654 3144 ipsorum
678 3078 743 3122 non
770 3057 934 3139 morietur,
957 3073 988 3122 et
1011 3058 1094 3144 ignis
1120 3079 1186 3123 non
1210 3057 1327 3123 exstin-

262 3188 278 3223 a
290 3177 402 3250 guetur
410 3188 442 3228 ».
454 3162 488 3218 (²)

324 3288 354 3334 2.
382 3268 488 3359 [WH.
516 3269 631 3349 XLIX,
660 3268 703 3359 r].
763 3270 902 3338 Evuxsro
934 3288 1186 3338 atanaricoxuu
1205 3289 1239 3338 m
1264 3289 1325 3350 xrs,

255 3395 370 3450 oureus
393 3397 462 3444 uox
486 3397 727 3444 couxuuicxur
750 3397 820 3443 eux
839 3377 1046 3444 Vtar-:mmo
1094 3375 1207 3444 Adbuc
1230 3377 1325 3444 etiam

254 3483 402 3566 dicentes,
425 3500 570 3571 oportere
594 3507 649 3550 eos
673 3484 705 3550 in
728 3483 818 3549 omni
837 3505 931 3572 opere
950 3499 980 3549 et
1003 3483 1036 3550 in
1052 3484 1141 3550 omni
1157 3505 1326 3550 conversa-

254 3592 339 3656 tione
363 3590 441 3674 fieri,
465 3608 509 3672 ut,
522 3593 549 3658 si
561 3590 629 3658 fieri
641 3591 750 3679 possit,
774 3591 806 3657 in
819 3614 880 3656 una
892 3591 974 3657 vitae
985 3589 1203 3658 adventatione
1218 3589 1325 3656 omnia

255 3693 449 3782 perficientes
465 3695 503 3762 ad
518 3695 692 3783 perfectum
715 3694 1000 3784 transgrediantur3
1012 3695 1045 3749 (³)
1068 3718 1177 3761 eorum
1197 3693 1325 3782 quidem

254 3822 334 3887 quae
357 3817 429 3868 sunt
452 3799 490 3868 ad
514 3803 664 3868 virtutem
687 3803 883 3889 pertinentia,
906 3819 937 3868 et
959 3801 1115 3868 laboriosa
1142 3817 1172 3869 et
1189 3801 1326 3890 gloriosa

291 3969 333 4038 (t)
347 3969 512 4040 reliquorum]
522 3969 538 4023 i.
549 3986 571 4023 e.
582 3969 765 4037 ethnicorum3
819 3972 910 4024 Marte.
918 3969 1060 4036 IX,44-48
1068 3989 1074 4036 3
1082 3968 1127 4024 cfr.
1136 3968 1325 4023 dehuiusmodi

254 4051 300 4105 cfr.
321 4052 393 4106 Rom.
412 4053 434 4117 I,
453 4067 487 4124 29
507 4071 545 4125 sq.
818 4071 964 4125 poenarum
983 4055 1140 4108 aeternitate
1153 4053 1199 4118 III,
1212 4067 1290 4117 xxm,
1302 4067 1324 4122 3.

290 4139 332 4207 (2)
350 4137 461 4190 Mxrrn.
473 4137 545 4204 XIII,
558 4138 760 4207 43;XXV,41;
854 4139 894 4209 (3)
913 4137 968 4192 Cfr.
988 4137 1008 4204 I,
1027 4153 1095 4203 xxv,
1113 4153 1129 4204 4
1149 4139 1187 4209 (p.
1208 4136 1280 4204 264).
