3230 5062
184 456 307 526 (1,12).]
613 458 703 504 trusa
728 458 841 504 vntuus
1195 460 1251 507 121

183 653 326 742 ipsorum
349 651 481 717 transire
511 650 549 718 de
580 649 755 718 medietatis
778 651 850 718 loco
877 651 995 733 dicunt,
1019 667 1050 717 et
1081 654 1162 719 intra
1186 654 1257 720 Ple-

183 780 274 824 roma
297 758 438 836 introire‚
462 773 492 823 et
516 758 652 845 recipere
676 779 827 843 sponsum
855 779 948 822 suum
972 757 1178 840 Salvatorem,
1202 761 1255 848 qui

183 879 231 930 est
254 886 291 929 ex
306 861 456 930 omnibus
473 861 582 944 sactus,
598 863 642 929 uti
658 863 787 950 syzygia
803 861 855 928 fiat
872 862 1043 930 Salvatoris
1059 881 1089 930 et
1110 864 1254 953 Sophiae,

182 993 263 1058 quae
285 987 332 1036 est
347 968 537 1036 Achamoth.
592 969 631 1035 Et
654 969 714 1036 hoc
733 991 802 1036 esse
825 991 978 1057 sponsum
1002 985 1033 1035 ct
1047 973 1255 1058 sponsam:(¹)

182 1075 442 1164 nymphonemv)
464 1097 540 1142 vero
564 1077 748 1142 universum
775 1076 932 1142 Pleroma.
987 1077 1147 1164 Spiritales
1176 1101 1253 1145 vero

182 1182 373 1271 exspoliatos
401 1182 573 1262 animas,(³>
602 1199 632 1248 et
662 1183 789 1270 spiritus
819 1182 1044 1248 intellectuales
1073 1182 1182 1264 factos,
1206 1186 1255 1251 in-

182 1288 470 1377 apprehensibiliter
497 1303 527 1354 et
558 1287 756 1355 invisibiliter
786 1289 867 1355 intra
902 1289 1048 1356 Pleroma
1082 1291 1253 1378 ingressos,

182 1412 314 1478 sponsas
338 1389 425 1458 reddi
449 1390 497 1457 his
516 1392 571 1479 qui
594 1391 675 1456 circa
699 1390 895 1458 Salvatorem
920 1407 992 1456 sunt
1015 1391 1142 1479 angelis
1189 1392 1254 1458 De-

181 1499 345 1585 miurgum
368 1519 445 1565 vero
477 1500 609 1564 transire
633 1513 663 1562 et
695 1497 798 1584 ipsum
822 1498 855 1563 in
883 1500 1089 1565 matrissuae
1118 1497 1253 1586 Sophiae

180 1603 302 1686 locum,
326 1604 387 1671 hoc
410 1621 467 1686 est,
486 1606 519 1671 in
543 1603 753 1670 medietatem.
799 1605 959 1671 Iustorum
981 1627 1108 1693 quoque
1133 1606 1253 1671 animas

182 1707 404 1798 refrigerarent
426 1725 456 1776 et
475 1711 557 1798 ipsas
580 1711 612 1775 in
636 1708 809 1776 medietatis
828 1708 910 1776 loco.
956 1708 1045 1777 Nihil
1069 1711 1155 1776 enim
1180 1732 1254 1797 psy-

180 1927 233 1988 ιιαὶ
256 1923 338 2000 ἐντός
362 1922 568 2008 Πλῆρὼμοτος
600 1923 760 2005 εἰσελθεῖν,
783 1926 836 1986 καὶ
857 1922 1020 2009 ἀπολαβων
1051 1927 1101 1988 τόν
1129 1925 1253 2011 νυμφίον

179 2032 273 2116 αὐτῆς
287 2034 338 2096 τόν
352 2030 489 2116 Σωτῆρα,
506 2033 556 2095 τόν
571 2031 608 2094 ἐκ
622 2030 740 2094 πόντων
755 2027 911 2115 γεγονότα,
927 2032 975 2093 ἵνα
989 2031 1116 2117 συζυγία
1130 2030 1252 2117 γένηται

178 2145 232 2200 τοῦ
255 2136 396 2222 Σωτῆρος
417 2139 471 2200 καὶ
492 2147 545 2222 τῆς
568 2135 681 2220 Σορίας
699 2146 751 2221 τῆς
775 2135 941 2221 Ἀχαμὼθ.
989 2139 1053 2204 Καὶ
1070 2147 1158 2202 τοῦτο
1177 2141 1251 2203 εἶναι

179 2241 305 2326 νωμρίον
327 2245 380 2308 ιιαὶ
402 2243 528 2328 νύμφην,
552 2253 694 2328 νυμρῶνα
716 2243 749 2307 δὲ
772 2246 806 2307 τό
827 2253 889 2308 πᾶν
905 2242 1071 2329 Πλήρωμα.
1118 2243 1197 2322 Τοὺς
1215 2245 1249 2308 δὲ

178 2353 401 2434 πνευματικοός
425 2349 674 2434 ἀποδυσαμένοος
696 2353 750 2426 τὰς
772 2350 873 2434 ψυχὰς
896 2352 949 2414 καὶ
977 2349 1132 2433 πνεύματα
1162 2354 1250 2435 νοερὰ

177 2455 368 2542 γενομένους,
392 2457 567 2542 ἀκρατῆτως
589 2459 642 2521 καὶ
664 2457 799 2542 ἀοράτως
822 2458 906 2534 ἐντός
929 2455 1136 2542 Πληρώματος
1153 2457 1249 2522 εἰσελ-

178 2562 303 2646 θόντας,
321 2565 437 2650 νόμροις
459 2565 713 2650 ἀποδοθήσεσθαι
728 2575 788 2642 τοῖς
805 2568 874 2649 περὶ
888 2569 939 2629 τόν
953 2564 1082 2650 Σωτῆρα
1096 2563 1249 2650 ἀγγέλοις,

179 2670 242 2736 Τὸν
264 2671 298 2735 δὲ
322 2671 511 2757 Δημιουργόν
534 2672 697 2758 μεταβῆναι
727 2675 779 2735 καὶ
808 2673 899 2735 αὐτόν
921 2672 963 2748 εἰς
985 2674 1036 2735 τόν
1057 2680 1110 2755 τῆς
1141 2675 1250 2757 μητρός

179 2776 294 2862 Σοφίας
315 2777 418 2859 τόπον,
445 2776 595 2842 τουτέστιν
617 2778 650 2841 ἐν
672 2787 709 2862 τῆ
733 2775 893 2862 μεσότητι·
917 2776 970 2852 τόις
992 2799 1025 2842 τε
1048 2785 1106 2841 τῶν
1129 2777 1250 2841 δικαίων

178 2883 281 2968 ψυχὰς
310 2883 542 2948 ἀναπαύσεσθαι
571 2887 624 2948 καὶ
652 2886 745 2961 αὐτὰς
767 2884 801 2948 ἐν
823 2892 865 2968 τῷ
887 2894 940 2968 τῆς
963 2884 1127 2970 μεσότητος
1153 2884 1247 2969 τόπῳ.

214 3085 258 3152 (ι)
269 3083 309 3136 De
321 3083 415 3154 quibus
423 3084 469 3136 scl.
480 3083 591 3136 Martii.
601 3082 689 3148 XXV,
744 3103 758 3132 κ
771 3083 803 3134 ad
823 3083 954 3136 visionem
977 3083 1088 3153 Spiritus
1108 3082 1251 3136 admitten-

178 3165 195 3219 6
201 3186 208 3231 ;
227 3177 254 3220 et
273 3167 368 3238 ubique
381 3167 408 3221 in
423 3167 563 3238 Scripturis
581 3167 687 3220 similia.
744 3189 757 3218 u
767 3181 818 3234 tur,
834 3170 866 3222 ad
879 3170 1069 3223 intellectuales
1085 3181 1110 3222 et
1129 3180 1250 3222 aeternas

215 3253 258 3318 (2)
277 3275 295 3296 =
313 3252 463 3305 thalamus:
492 3255 614 3318 νόμφων;
641 3251 687 3304 cfr.
744 3251 967 3322 «coniugationes
999 3253 1103 3323 nuptias
1120 3271 1145 3304 u.
1194 3251 1248 3306 Cfr.

179 3335 294 3388 Marma.
314 3334 347 3400 V,
368 3350 402 3389 20
423 3337 544 3406 (grace).
590 3335 689 3388 Videas
740 3335 861 3388 Henact.
869 3336 909 3404 fr.
923 3350 963 3400 ιε,
976 3351 1017 3404 15,
1030 3351 1058 3404 35
1073 3336 1124 3406 (ed.
1137 3336 1249 3402 Brooke,

179 3422 261 3472 etiam
277 3436 344 3490 quae
363 3437 385 3472 c.
396 3419 497 3488 xx1‚3
518 3422 550 3474 de
562 3421 614 3474 ritu
629 3421 688 3474 tha·
740 3437 765 3490 p.
785 3417 828 3488 67,
848 3435 891 3488 70,
908 3419 964 3490 88).

177 3504 243 3556 lami
256 3504 510 3575 dicuntur,quaeque
522 3505 598 3575 periti
610 3521 688 3576 super
777 3507 819 3573 (4)
829 3503 1003 3575 Refrigerare.
1013 3505 1093 3558 etiam
1107 3506 1192 3560 active
1202 3522 1250 3576 pro

177 3589 244 3642 ritus
269 3589 397 3660 mysticos
420 3590 544 3660 orphicos
568 3601 593 3643 et
618 3591 687 3643 eleu·
740 3591 943 3642 ἀναπαύσεσθαι
953 3589 980 3642 in
990 3590 1171 3643 monumentis
1181 3590 1249 3643 chri-

177 3675 252 3727 sinos
276 3675 401 3742 (ποιοτός)
420 3671 559 3728 efformata
583 3674 687 3729 docent.
741 3673 1012 3743 stianaeantiquitatis
1022 3673 1089 3726 bene
1098 3685 1193 3727 notum
1202 3685 1249 3727 est.

177 3757 233 3811 Ch.
252 3759 372 3822 humen,
391 3759 408 3811 l.
428 3775 451 3810 c.
743 3755 798 3809 Csr.
808 3756 930 3810 Hennes.
939 3757 973 3822 fr.
984 3771 1018 3822 42
1028 3757 1151 3824 (Bromie,
1162 3775 1186 3827 p.
1193 3756 1249 3828 96);

214 3845 256 3910 (3)
275 3843 409 3897 Exuentes
425 3861 490 3914 quas
509 3843 685 3914 aDemiurgo
740 3840 801 3894 Exc.
833 3840 922 3893 Tlreod.
950 3839 1047 3910 (ιγ-66.
1093 3841 1248 3894 Notandum

69 3999 72 4004 .
177 3938 334 3998 acceperant
349 3931 439 3995 ψυχάς
452 3926 510 3994 (cst.
520 3927 553 3992 V,
566 3942 592 3994 4,
602 3928 683 3995 init.);
739 3943 839 3979 nomen
849 3928 980 3990 iustorum,
993 3926 1113 3992 δικαίων,
1123 3928 1156 3980 ad
1170 3925 1251 3996 signi-

177 4011 253 4080 quia:
276 4011 367 4064 «nihil
383 4014 498 4078 ψυχικόν
522 4011 549 4063 in
564 4011 685 4064 Pleroma
739 4013 857 4068 ficandos
872 4015 1011 4087 psychicos
1024 4028 1050 4069 et
1066 4016 1115 4068 hos
1128 4015 1171 4086 qui
1188 4027 1249 4068 sunt

179 4093 326 4148 «transibit
339 4094 395 4164 [hic
413 4093 505 4164 fin.]u.
555 4093 685 4148 Cfr.Exc.
740 4097 808 4150 circa
827 4097 1016 4168 Demiurgum:
1047 4099 1165 4151 medium
1193 4097 1249 4168 qui-

180 4175 271 4230 Theod.
281 4175 324 4243 64,
334 4179 378 4249 qui
391 4179 496 4249 nuptias
509 4179 545 4232 ita
554 4179 683 4232 declarat:
740 4181 801 4234 dem
817 4192 855 4234 est
870 4181 938 4234 inter
953 4183 1059 4249 ἀγαθός
1078 4194 1103 4235 et
1119 4185 1249 4248 ἀδίκαιος,
