3288 5060
345 469 407 536 270
632 473 760 520 ΙΙΙΕΝΑΕΙ
785 473 945 522 ADVERSUS
968 466 1124 522 llA'ERESES
1237 473 1334 543 [XVIL
1363 489 1413 528 1·2

408 665 487 732 Cae.
504 665 641 732 XXVII.
659 665 763 756 [WH.
780 666 866 734 XXI
871 665 923 758 V]
966 667 1067 748 Qunn
1083 687 1139 734 nsr
1155 667 1323 736 Cnnnouts
1337 689 1410 736 seu-

341 791 470 839 rnurm.
513 793 540 836 1.
557 771 596 837 Et
609 770 738 840 Cerdon
753 791 860 840 autem
875 771 1044 860 quidamst)
1059 772 1098 840 ab
1111 773 1170 853 his,
1182 775 1234 862 qui
1251 791 1325 841 sunt
1337 797 1410 863 erga

341 881 518 962 Simonem,
534 881 735 947 occasionem
751 881 907 968 accipiens
926 904 1025 970 quum
1042 881 1180 947 venisset
1196 880 1335 948 Romam
1352 880 1410 948 sub

341 985 481 1074 Hygino,
505 987 557 1076 qui
585 1007 706 1053 nonum
735 987 839 1054 locum
869 988 1065 1075 episcopatus
1095 1009 1150 1075 per
1176 989 1411 1056 successionem

342 1092 380 1158 ab
409 1093 558 1180 apostolis
580 1091 743 1175 habuit‚(²)
759 1092 868 1160 docuit
890 1115 964 1159 eum
988 1094 1041 1182 qui
1064 1117 1081 1159 a
1105 1094 1173 1182 lege
1196 1111 1227 1160 et
1249 1094 1410 1184 prophetis

341 1200 540 1265 annuntiatus
564 1201 603 1264 sit
626 1199 724 1282 Deus,
747 1221 813 1265 non
836 1221 905 1266 esse
928 1201 1054 1266 Patrem
1069 1200 1202 1268 Domini
1222 1202 1322 1268 nostri
1338 1201 1409 1268 lesu

342 1304 493 1372 Christi·
539 1305 633 1371 Hunc
656 1307 742 1371 enim
766 1308 926 1393 cognosci,
950 1306 1039 1373 illum
1063 1323 1169 1372 autem
1199 1307 1354 1396 ignorari:
1379 1323 1410 1374 et

341 1412 473 1479 alterum
496 1412 623 1501 quidem
647 1413 776 1494 iustum,
795 1412 928 1479 alterum
947 1406 1197 1480 autem‘bonum
1216 1437 1295 1482 esse.

406 1679 543 1761 XXVII,
564 1699 590 1744 1.
637 1679 762 1763 Κέρδων
784 1679 818 1744 δέ
840 1701 883 1758 τις
904 1682 966 1745 ἀπὸ
984 1691 1043 1746 τῶν
1060 1684 1128 1767 περὶ
1145 1685 1196 1748 τδν
1214 1681 1337 1768 Σίμωνα
1355 1687 1409 1762 tlt<

339 1789 476 1871 ἀφορμὰς
491 1786 602 1872 λαβὼν,
614 1788 666 1850 καὶ
680 1786 868 1872 ἐπιδημήσας
882 1787 915 1852 ἐν
928 1797 967 1872 τῇ
980 1786 1085 1873 Ῥώμῃ
1100 1789 1150 1852 ἐπὶ
1161 1787 1291 1874 iptio«,
1304 1791 1409 1854 ἔνατον

339 1895 452 1979 κλῆρον
470 1903 522 1978 τῆς
540 1894 738 1980 ἐπισκοπικῆς
760 1893 902 1980 διαδοχῆς
920 1895 980 1960 ἀπὸ
1000 1905 1058 1960 τῶν
1075 1893 1255 1962 ἀποστόλων
1273 1899 1407 1982 ἔχοντος,

339 1999 454 2078 ἐδίδαξε
476 2005 527 2064 τὸν
549 2001 607 2065 ὑπὸ
630 2010 683 2064 τοῦ
706 1999 799 2086 νόμου
817 2003 869 2065 καὶ
887 2013 1046 2086 «poppam
1069 2001 1294 2088 κεκηρυγμένον
1318 2001 1407 2083 Θεὸν,

340 2109 381 2191 μὴ
405 2107 478 2169 εἶναι
502 2104 625 2189 Πατέρα
647 2113 700 2169 τοῦ
721 2106 832 2190 Κυρίου
850 2106 936 2190 ἡμῶν
954 2104 1059 2190 Ἰησοῦ
1078 2108 1223 2192 Χριστοῦ.
1272 2108 1333 2172 Τὸν
1352 2111 1409 2192 μὲν

320 2214 398 2296 Ιγόιρ
420 2209 629 2296 «raptentur,
654 2214 704 2274 tha
727 2211 761 2274 δὲ
784 2213 904 2296 ἀγνῶτα
935 2213 1025 2276 εἶναι·
1050 2214 1102 2277 καὶ
1129 2215 1180 2276 τὸν
1203 2215 1258 2297 μὲν
1281 2212 1407 2294 δῖκοιιον,

338 2322 389 2381 τὸν
412 2319 445 2382 δὲ
468 2318 591 2402 ἀγαθὸν
613 2317 768 2404 ὑπάρχειν.

343 2596 506 2649 «Nicolaum
530 2597 689 2650 adducentes
711 2596 844 2667 quoddam
898 2597 1022 2668 spiciunt.
1069 2597 1137 2651 Hinc
1161 2599 1281 2670 quamvis
1300 2598 1407 2652 illomm

343 2681 421 2734 «eius
440 2680 488 2732 viri
513 2681 638 2750 adagium
662 2683 746 2734 ...δεῖ
762 2698 844 2746 παρα·
899 2683 1033 2736 doctrinas
1056 2682 1088 2734 lr.
1114 2699 1168 2736 non
1197 2697 1405 2736 commemoret:

342 2767 482 2832 «κρῆοθαι
501 2770 591 2832 σαρχι.
602 2805 626 2817 ..
672 2765 723 2818 Sed
743 2765 786 2818 ille
805 2765 846 2818 vir
876 2769 880 2778 '
900 2784 932 2820 ex
946 2765 1036 2820 Slrom.
1052 2767 1110 2835 (ΙΙΙ,
1127 2767 1407 2834 14);E1›11²tt.(25,2);

341 2851 512 2920 «praeclarus
534 2848 698 2920 significabat
723 2861 845 2920 oportere
899 2850 1039 2904 Tnarott.
1059 2851 1173 2904 Praeter.
1192 2853 1253 2921 (33)
1277 2853 1409 2906 coniicere

342 2953 356 2981 «
366 2933 514 3003 voluptates
533 2948 664 2985 arcere...
684 2931 759 2984 etita
775 2949 845 2984 mar·
900 2953 1038 3006 possumus
1048 2936 1153 2990 easdem
1164 2953 1221 2990 esse
1231 2953 1295 3008 quas
1304 2937 1330 2989 hi
1341 2954 1408 3007 gno-

342 3018 436 3070 «cidas
446 3018 553 3069 reddere
563 3017 648 3069 carnis
659 3017 843 3086 appetitiones.
899 3019 958 3073 stici
977 3019 1034 3084 (cfr.
1054 3037 1076 3074 c.
1096 3019 1185 3084 XXX)
1209 3019 1408 3090 profitebantur.

341 3099 399 3152 «Hi
418 3112 507 3152 autem
524 3099 605 3151 instar
622 3099 755 3152 hircorum
769 3099 845 3151 eliusi
936 3103 979 3171 (1)
989 3105 1029 3158 De
1038 3104 1160 3158 Cerdone
1170 3105 1230 3170 hoc,
1241 3106 1324 3174 patria
1334 3123 1406 3176 syro,

342 3183 392 3234 «in
411 3183 602 3252 voluptates...
624 3183 651 3236 in
670 3182 732 3234 luxu
752 3196 777 3234 et
800 3182 845 3235 de·
899 3189 937 3242 nil
971 3188 1042 3242 aliud
1078 3189 1217 3242 novimus:
1256 3190 1407 3260 complures

341 3267 432 3320 «liciis
456 3269 539 3320 vitam
559 3280 698 3338 agumn..
727 3268 844 3338 ipsorum
899 3273 971 3326 enim
991 3273 1034 3344 qui
1054 3275 1086 3326 de
1105 3290 1137 3326 eo
1153 3273 1311 3344 scripserunt
1325 3274 1357 3326 ab
1370 3274 1404 3326 lr.

341 3372 355 3402 «
364 3363 452 3405 autem
465 3351 563 3406 infossa
576 3364 615 3405 est
625 3354 714 3404 anima
725 3353 752 3404 in
762 3369 846 3405 caeno
899 3373 945 3408 sua
969 3357 1081 3409 mutuati
1107 3368 1176 3422 sunt,
1190 3355 1305 3410 Cerdoni
1324 3357 1407 3411 etiam

341 3437 421 3489 «vitii
439 3449 466 3490 ut
484 3437 529 3507 qui
548 3437 681 3489 decretum
698 3438 784 3507 ipsum
798 3453 844 3490 vo·
898 3440 1043 3493 tribuentes
1054 3441 1126 3510 plura
1137 3441 1407 3511 quaediscipnlotan-

340 3521 480 3590 «luptatis,
501 3537 554 3573 non
574 3521 711 3591 apostolici
731 3521 780 3572 viri
805 3539 845 3574 se·
898 3535 957 3576 tum
967 3525 1172 3578 conveniunt·u
1180 3523 1257 3588 Quae
1267 3539 1407 3595 supersunt

252 3664 257 3673 Ι
340 3617 501 3675 «quantur»
524 3619 572 3658 etc.
619 3605 673 3659 Cir.
693 3619 719 3660 et
732 3606 779 3671 111,
795 3621 844 3672 143
899 3626 993 3679 graeca
1008 3621 1069 3661 sunt
1094 3625 1126 3662 ex
1142 3607 1238 3662 Eusnu.
1257 3609 1292 3661 H.
1309 3609 1339 3662 E.
1359 3609 1405 3674 lV,

337 3689 428 3742 Ena«.
448 3688 534 3754 XXV,
555 3705 578 3743 a.
599 3720 634 3728 -
653 3690 729 3754 Quae
748 3691 845 3744 horum
902 3709 942 3758 tt,
962 3692 1028 3762 (Cir.
1047 3693 1187 3764 Philosoplr.
1207 3691 1265 3757 Vll,
1287 3693 1340 3765 37).

336 3775 432 3844 scripta
452 3773 594 3827 efferuntur
617 3795 630 3824 «
640 3774 667 3827 in
683 3792 782 3828 nomen
795 3775 845 3828 lal-
935 3779 977 3844 (ο)
986 3775 1039 3830 Cir.
1047 3777 1093 3840 ΙΙΙ,
1105 3793 1129 3846 3,
1140 3792 1164 3840 2,
1175 3777 1217 3830 ubi
1227 3794 1260 3830 ex
1269 3779 1406 3848 proposito

340 3859 502 3912 «dabaoth»
518 3859 616 3926 (ibid),
632 3861 843 3930 «evangelper-
899 3861 931 3914 de
961 3861 1126 3914 successione
1156 3861 1213 3916 RR.
1245 3861 1405 3916 Pontificum

339 3961 353 3990 a
363 3940 482 3994 iectionis
493 3961 518 4004 u,
531 3943 699 4012 «prophetici
713 3943 771 3994 libri
782 3943 843 3995 Bar·
899 3961 987 3996 semro
1002 3945 1063 3998 erit:
1080 3945 1114 3997 ihi
1128 3961 1232 4015 quoque
1243 3945 1407 4015 expendetur

339 4027 482 4079 «habbas»
505 4027 644 4094 (Puttnsr.
673 4033 727 4094 33),
755 4027 843 4080 «liber
898 4029 1046 4081 antinomia
1064 4029 1141 4082 huius
1161 4030 1211 4082 loci
1229 4029 1406 4099 inquoocta-

338 4111 466 4164 «Nuria»
496 4111 599 4180 (Ennii.
619 4110 717 4174 XXVI,
747 4113 772 4177 1)
793 4123 842 4164 etc.
898 4130 945 4165 vus
973 4131 1028 4166 non
1052 4130 1139 4166 nonus
1169 4113 1305 4184 ponendus
1333 4115 1407 4167 tide-

335 4197 420 4266 ntagis
440 4195 553 4266 Ophitas
573 4208 598 4248 et
622 4196 783 4248 Barbeiious
802 4213 842 4249 re·
898 4209 969 4249 retur
989 4197 1118 4268 Hyginus.
