<?xml version="1.0" encoding="UTF-8"?>
<!DOCTYPE html PUBLIC "-//W3C//DTD XHTML 1.0 Transitional//EN"
    "http://www.w3.org/TR/xhtml1/DTD/xhtml1-transitional.dtd">
<html xmlns="http://www.w3.org/1999/xhtml" xml:lang="en" lang="en">
 <head>
  <title>
</title>
<meta http-equiv="Content-Type" content="text/html;charset=utf-8" />
  <meta name='ocr-system' content='tesseract 3.04.00' />
  <meta name='ocr-capabilities' content='ocr_page ocr_carea ocr_par ocr_line ocrx_word'/>
</head>
<body>
  <div class='ocr_page' id='page_1' title='image "./adversushaerese00irengoog_0199.png"; bbox 0 0 3288 5060; ppageno 0'>
   <div class='ocr_carea' id='block_1_1' title="bbox 344 405 1405 477">
    <p class='ocr_par' dir='ltr' id='par_1_1' title="bbox 344 405 1405 477">
     <span class='ocr_line' id='line_1_1' title="bbox 344 405 1405 477; baseline 0.006 -23"><span class='ocrx_word' id='word_1_1' title='bbox 344 409 406 474; x_wconf 90' lang='lat'>194</span> <span class='ocrx_word' id='word_1_2' title='bbox 627 409 755 456; x_wconf 76' lang='lat' dir='ltr'>tusuaer</span> <span class='ocrx_word' id='word_1_3' title='bbox 779 409 939 456; x_wconf 80' lang='lat' dir='ltr'>novansus</span> <span class='ocrx_word' id='word_1_4' title='bbox 962 409 1118 455; x_wconf 72' lang='lat' dir='ltr'>naereses</span> <span class='ocrx_word' id='word_1_5' title='bbox 1250 405 1334 477; x_wconf 52' lang='lat' dir='ltr'>[xlta</span> <span class='ocrx_word' id='word_1_6' title='bbox 1352 407 1405 476; x_wconf 84' lang='lat'>6-7</span> 
     </span>
    </p>
   </div>
   <div class='ocr_carea' id='block_1_2' title="bbox 338 600 1409 1756">
    <p class='ocr_par' dir='ltr' id='par_1_2' title="bbox 339 600 1407 798">
     <span class='ocr_line' id='line_1_2' title="bbox 339 600 1407 690; baseline -0.001 -21"><span class='ocrx_word' id='word_1_7' title='bbox 339 603 461 690; x_wconf 86' lang='lat' dir='ltr'>signem</span> <span class='ocrx_word' id='word_1_8' title='bbox 470 603 502 654; x_wconf 54' lang='grc' dir='ltr'>(ί)</span> <span class='ocrx_word' id='word_1_9' title='bbox 532 600 645 668; x_wconf 88' lang='lat' dir='ltr'>habere</span> <span class='ocrx_word' id='word_1_10' title='bbox 668 603 719 668; x_wconf 91' lang='lat' dir='ltr'>ait.</span> <span class='ocrx_word' id='word_1_11' title='bbox 767 601 902 689; x_wconf 88' lang='lat' dir='ltr'><strong>Insignis</strong></span> <span class='ocrx_word' id='word_1_12' title='bbox 925 603 1011 668; x_wconf 87' lang='lat' dir='ltr'>enim</span> <span class='ocrx_word' id='word_1_13' title='bbox 1036 623 1187 668; x_wconf 88' lang='lat' dir='ltr'>numerus</span> <span class='ocrx_word' id='word_1_14' title='bbox 1214 604 1407 669; x_wconf 88' lang='lat' dir='ltr'>commixtus</span> 
     </span>
     <span class='ocr_line' id='line_1_3' title="bbox 339 709 1343 798; baseline 0.002 -24"><span class='ocrx_word' id='word_1_15' title='bbox 339 710 602 798; x_wconf 88' lang='lat' dir='ltr'>vigintiquatuor</span> <span class='ocrx_word' id='word_1_16' title='bbox 621 709 784 776; x_wconf 90' lang='lat' dir='ltr'>elementis</span> <span class='ocrx_word' id='word_1_17' title='bbox 804 730 848 774; x_wconf 87' lang='lat' dir='ltr'>xx</span> <span class='ocrx_word' id='word_1_18' title='bbox 868 709 1027 774; x_wconf 90' lang='lat' dir='ltr'>literarum</span> <span class='ocrx_word' id='word_1_19' title='bbox 1047 731 1167 774; x_wconf 90' lang='lat' dir='ltr'>nomen</span> <span class='ocrx_word' id='word_1_20' title='bbox 1187 709 1343 796; x_wconf 82' lang='lat' dir='ltr'>explicuit.</span> 
     </span>
    </p>

    <p class='ocr_par' dir='ltr' id='par_1_3' title="bbox 338 815 1409 1756">
     <span class='ocr_line' id='line_1_4' title="bbox 405 815 1409 906; baseline 0.001 -26"><span class='ocrx_word' id='word_1_21' title='bbox 405 835 436 900; x_wconf 90' lang='lat'>7.</span> <span class='ocrx_word' id='word_1_22' title='bbox 483 815 587 906; x_wconf 87' lang='lat' dir='ltr'><em>[WH.</em></span> <span class='ocrx_word' id='word_1_23' title='bbox 611 815 703 896; x_wconf 87' lang='lat' dir='ltr'><em>VIII,</em></span> <span class='ocrx_word' id='word_1_24' title='bbox 727 815 771 906; x_wconf 65' lang='lat'>8}</span> <span class='ocrx_word' id='word_1_25' title='bbox 807 816 893 882; x_wconf 91' lang='lat' dir='ltr'>Usus</span> <span class='ocrx_word' id='word_1_26' title='bbox 912 831 959 880; x_wconf 89' lang='lat' dir='ltr'>est</span> <span class='ocrx_word' id='word_1_27' title='bbox 969 815 1004 868; x_wconf 81' lang='lat'>(²)</span> <span class='ocrx_word' id='word_1_28' title='bbox 1025 831 1130 881; x_wconf 86' lang='lat' dir='ltr'>autem</span> <span class='ocrx_word' id='word_1_29' title='bbox 1149 815 1285 882; x_wconf 91' lang='lat' dir='ltr'>diacono</span> <span class='ocrx_word' id='word_1_30' title='bbox 1296 816 1329 868; x_wconf 75' lang='lat'>(³)</span> <span class='ocrx_word' id='word_1_31' title='bbox 1358 838 1409 882; x_wconf 91' lang='lat' dir='ltr'>se-</span> 
     </span>
     <span class='ocr_line' id='line_1_5' title="bbox 339 915 1407 1010; baseline 0 -22"><span class='ocrx_word' id='word_1_32' title='bbox 339 939 424 1010; x_wconf 87' lang='lat' dir='ltr'><strong>ptem</strong></span> <span class='ocrx_word' id='word_1_33' title='bbox 448 915 654 988; x_wconf 89' lang='lat' dir='ltr'>numerorum</span> <span class='ocrx_word' id='word_1_34' title='bbox 675 920 900 1008; x_wconf 84' lang='lat' dir='ltr'>magnitudine,</span> <span class='ocrx_word' id='word_1_35' title='bbox 918 919 1188 1009; x_wconf 87' lang='lat' dir='ltr'>quemadmodum</span> <span class='ocrx_word' id='word_1_36' title='bbox 1211 921 1286 988; x_wconf 92' lang='lat' dir='ltr'>dicit</span> <span class='ocrx_word' id='word_1_37' title='bbox 1307 922 1407 988; x_wconf 88' lang='lat' dir='ltr'>Marci</span> 
     </span>
     <span class='ocr_line' id='line_1_6' title="bbox 340 1027 1409 1118; baseline -0.003 -21"><span class='ocrx_word' id='word_1_38' title='bbox 340 1031 423 1118; x_wconf 89' lang='lat' dir='ltr'>Sige,</span> <span class='ocrx_word' id='word_1_39' title='bbox 441 1046 509 1095; x_wconf 86' lang='lat' dir='ltr'>uta</span> <span class='ocrx_word' id='word_1_40' title='bbox 526 1053 560 1096; x_wconf 92' lang='lat' dir='ltr'>se</span> <span class='ocrx_word' id='word_1_41' title='bbox 575 1030 728 1116; x_wconf 78' lang='lat' dir='ltr'>cogitatae</span> <span class='ocrx_word' id='word_1_42' title='bbox 745 1029 943 1116; x_wconf 87' lang='lat' dir='ltr'>cogitationis</span> <span class='ocrx_word' id='word_1_43' title='bbox 959 1028 1174 1096; x_wconf 85' lang='lat' dir='ltr'>manifestetur</span> <span class='ocrx_word' id='word_1_44' title='bbox 1194 1027 1323 1096; x_wconf 85' lang='lat' dir='ltr'>fructus.</span> <span class='ocrx_word' id='word_1_45' title='bbox 1369 1029 1409 1095; x_wconf 88' lang='lat' dir='ltr'>Et</span> 
     </span>
     <span class='ocr_line' id='line_1_7' title="bbox 339 1133 1408 1224; baseline -0.001 -22"><span class='ocrx_word' id='word_1_46' title='bbox 339 1137 495 1224; x_wconf 87' lang='lat' dir='ltr'>insignem</span> <span class='ocrx_word' id='word_1_47' title='bbox 519 1133 645 1223; x_wconf 87' lang='lat' dir='ltr'>quidem</span> <span class='ocrx_word' id='word_1_48' title='bbox 671 1134 752 1202; x_wconf 91' lang='lat' dir='ltr'>hunc</span> <span class='ocrx_word' id='word_1_49' title='bbox 777 1159 947 1202; x_wconf 88' lang='lat' dir='ltr'>numerum</span> <span class='ocrx_word' id='word_1_50' title='bbox 970 1136 1002 1200; x_wconf 92' lang='lat' dir='ltr'>in</span> <span class='ocrx_word' id='word_1_51' title='bbox 1025 1136 1189 1222; x_wconf 89' lang='lat' dir='ltr'>praesenti,</span> <span class='ocrx_word' id='word_1_52' title='bbox 1201 1136 1234 1189; x_wconf 81' lang='grc'>(4)</span> <span class='ocrx_word' id='word_1_53' title='bbox 1255 1137 1308 1216; x_wconf 91' lang='lat' dir='ltr'>ait,</span> <span class='ocrx_word' id='word_1_54' title='bbox 1333 1159 1408 1201; x_wconf 88' lang='lat' dir='ltr'>eum</span> 
     </span>
     <span class='ocr_line' id='line_1_8' title="bbox 338 1240 1407 1331; baseline 0.001 -23"><span class='ocrx_word' id='word_1_55' title='bbox 338 1244 392 1331; x_wconf 92' lang='lat' dir='ltr'>qui</span> <span class='ocrx_word' id='word_1_56' title='bbox 423 1240 461 1308; x_wconf 89' lang='lat' dir='ltr'>ab</span> <span class='ocrx_word' id='word_1_57' title='bbox 491 1244 608 1330; x_wconf 88' lang='lat' dir='ltr'>insigni</span> <span class='ocrx_word' id='word_1_58' title='bbox 637 1240 787 1330; x_wconf 87' lang='lat' dir='ltr'>figuratus</span> <span class='ocrx_word' id='word_1_59' title='bbox 818 1258 875 1322; x_wconf 87' lang='lat' dir='ltr'>est,</span> <span class='ocrx_word' id='word_1_60' title='bbox 899 1241 1037 1329; x_wconf 88' lang='lat' dir='ltr'>intellige</span> <span class='ocrx_word' id='word_1_61' title='bbox 1066 1265 1139 1309; x_wconf 89' lang='lat' dir='ltr'>eum</span> <span class='ocrx_word' id='word_1_62' title='bbox 1170 1243 1223 1330; x_wconf 84' lang='lat' dir='ltr'>qui</span> <span class='ocrx_word' id='word_1_63' title='bbox 1255 1243 1344 1330; x_wconf 87' lang='lat' dir='ltr'>quasi</span> <span class='ocrx_word' id='word_1_64' title='bbox 1375 1244 1407 1309; x_wconf 93' lang='lat' dir='ltr'>in</span> 
     </span>
     <span class='ocr_line' id='line_1_9' title="bbox 339 1347 1408 1437; baseline -0.001 -21"><span class='ocrx_word' id='word_1_65' title='bbox 339 1366 440 1437; x_wconf 89' lang='lat' dir='ltr'>partes</span> <span class='ocrx_word' id='word_1_66' title='bbox 462 1349 582 1416; x_wconf 91' lang='lat' dir='ltr'>divisus</span> <span class='ocrx_word' id='word_1_67' title='bbox 606 1365 663 1430; x_wconf 90' lang='lat' dir='ltr'>est,</span> <span class='ocrx_word' id='word_1_68' title='bbox 687 1365 739 1414; x_wconf 92' lang='lat' dir='ltr'>aut</span> <span class='ocrx_word' id='word_1_69' title='bbox 762 1349 930 1437; x_wconf 89' lang='lat' dir='ltr'>praecisus,</span> <span class='ocrx_word' id='word_1_70' title='bbox 954 1364 984 1414; x_wconf 90' lang='lat' dir='ltr'>et</span> <span class='ocrx_word' id='word_1_71' title='bbox 1008 1347 1084 1414; x_wconf 89' lang='lat' dir='ltr'>foris</span> <span class='ocrx_word' id='word_1_72' title='bbox 1107 1349 1326 1436; x_wconf 86' lang='lat' dir='ltr'>perseveravit,</span> <span class='ocrx_word' id='word_1_73' title='bbox 1353 1350 1408 1436; x_wconf 85' lang='lat' dir='ltr'>qui</span> 
     </span>
     <span class='ocr_line' id='line_1_10' title="bbox 339 1453 1408 1544; baseline 0 -22"><span class='ocrx_word' id='word_1_74' title='bbox 339 1479 394 1522; x_wconf 91' lang='lat' dir='ltr'>sua</span> <span class='ocrx_word' id='word_1_75' title='bbox 418 1457 532 1522; x_wconf 86' lang='lat' dir='ltr'>virtute</span> <span class='ocrx_word' id='word_1_76' title='bbox 547 1472 577 1522; x_wconf 95' lang='lat' dir='ltr'>et</span> <span class='ocrx_word' id='word_1_77' title='bbox 589 1453 751 1543; x_wconf 90' lang='lat' dir='ltr'>prudentia</span> <span class='ocrx_word' id='word_1_78' title='bbox 766 1478 820 1544; x_wconf 90' lang='lat' dir='ltr'>per</span> <span class='ocrx_word' id='word_1_79' title='bbox 834 1477 904 1521; x_wconf 87' lang='lat' dir='ltr'>eam</span> <span class='ocrx_word' id='word_1_80' title='bbox 923 1477 1001 1543; x_wconf 89' lang='lat' dir='ltr'>quae</span> <span class='ocrx_word' id='word_1_81' title='bbox 1021 1471 1067 1520; x_wconf 88' lang='lat' dir='ltr'>est</span> <span class='ocrx_word' id='word_1_82' title='bbox 1083 1453 1121 1520; x_wconf 89' lang='lat' dir='ltr'>ab</span> <span class='ocrx_word' id='word_1_83' title='bbox 1137 1478 1176 1521; x_wconf 90' lang='lat' dir='ltr'>eo</span> <span class='ocrx_word' id='word_1_84' title='bbox 1191 1456 1408 1537; x_wconf 88' lang='lat' dir='ltr'>emissionem,</span> 
     </span>
     <span class='ocr_line' id='line_1_11' title="bbox 339 1561 1409 1652; baseline 0 -24"><span class='ocrx_word' id='word_1_85' title='bbox 339 1563 433 1644; x_wconf 90' lang='lat' dir='ltr'>hunc,</span> <span class='ocrx_word' id='word_1_86' title='bbox 457 1564 510 1652; x_wconf 91' lang='lat' dir='ltr'>qui</span> <span class='ocrx_word' id='word_1_87' title='bbox 526 1579 572 1629; x_wconf 86' lang='lat' dir='ltr'>est</span> <span class='ocrx_word' id='word_1_88' title='bbox 588 1580 706 1651; x_wconf 87' lang='lat' dir='ltr'>septem</span> <span class='ocrx_word' id='word_1_89' title='bbox 725 1565 888 1644; x_wconf 82' lang='lat' dir='ltr'>uirtutum,</span> <span class='ocrx_word' id='word_1_90' title='bbox 912 1562 1086 1647; x_wconf 73' lang='lat' dir='ltr'>secundum</span> <span class='ocrx_word' id='word_1_91' title='bbox 1104 1563 1313 1628; x_wconf 91' lang='lat' dir='ltr'>imitationem</span> <span class='ocrx_word' id='word_1_92' title='bbox 1332 1561 1409 1629; x_wconf 91' lang='lat' dir='ltr'>heb-</span> 
     </span>
     <span class='ocr_line' id='line_1_12' title="bbox 338 1667 1409 1756; baseline 0 -20"><span class='ocrx_word' id='word_1_93' title='bbox 338 1667 482 1738; x_wconf 86' lang='lat' dir='ltr'>domadis</span> <span class='ocrx_word' id='word_1_94' title='bbox 505 1671 628 1736; x_wconf 84' lang='lat' dir='ltr'>virtutis</span> <span class='ocrx_word' id='word_1_95' title='bbox 647 1671 797 1736; x_wconf 81' lang='lat' dir='ltr'>animavit</span> <span class='ocrx_word' id='word_1_96' title='bbox 821 1668 988 1751; x_wconf 91' lang='lat' dir='ltr'>mundum,</span> <span class='ocrx_word' id='word_1_97' title='bbox 1012 1685 1041 1735; x_wconf 98' lang='lat' dir='ltr'>et</span> <span class='ocrx_word' id='word_1_98' title='bbox 1060 1670 1198 1735; x_wconf 91' lang='lat' dir='ltr'>animam</span> <span class='ocrx_word' id='word_1_99' title='bbox 1215 1671 1319 1756; x_wconf 91' lang='lat' dir='ltr'>posuit</span> <span class='ocrx_word' id='word_1_100' title='bbox 1339 1693 1409 1736; x_wconf 88' lang='lat' dir='ltr'>esse</span> 
     </span>
    </p>
   </div>
   <div class='ocr_carea' id='block_1_3' title="bbox 339 1847 1493 2184">
    <p class='ocr_par' dir='ltr' id='par_1_4' title="bbox 339 1847 1493 2184">
     <span class='ocr_line' id='line_1_13' title="bbox 340 1847 1493 1970; baseline 0.001 -23"><span class='ocrx_word' id='word_1_101' title='bbox 340 1884 469 1969; x_wconf 76' lang='grc' dir='ltr'>ἀριθμὸς</span> <span class='ocrx_word' id='word_1_102' title='bbox 499 1885 722 1968; x_wconf 73' lang='grc' dir='ltr'>συγκερασθτίς</span> <span class='ocrx_word' id='word_1_103' title='bbox 749 1893 810 1960; x_wconf 76' lang='grc' dir='ltr'>τοῖς</span> <span class='ocrx_word' id='word_1_104' title='bbox 832 1881 1072 1969; x_wconf 80' lang='grc' dir='ltr'>είκοσιτέσσαρσι</span> <span class='ocrx_word' id='word_1_105' title='bbox 1099 1883 1268 1968; x_wconf 78' lang='grc' dir='ltr'>στοιχείοις,</span> <span class='ocrx_word' id='word_1_106' title='bbox 1292 1887 1327 1948; x_wconf 76' lang='lat' dir='ltr'>th</span> <span class='ocrx_word' id='word_1_107' title='bbox 1349 1906 1409 1970; x_wconf 87' lang='grc' dir='ltr'>τρι·</span> <span class='ocrx_word' id='word_1_108' title='bbox 1488 1847 1493 1854; x_wconf 85' lang='lat'>-</span> 
     </span>
     <span class='ocr_line' id='line_1_14' title="bbox 339 1987 947 2076; baseline 0 -22"><span class='ocrx_word' id='word_1_109' title='bbox 339 1991 632 2076; x_wconf 77' lang='grc' dir='ltr'>ακονταγρίμματον</span> <span class='ocrx_word' id='word_1_110' title='bbox 655 1993 750 2076; x_wconf 76' lang='grc' dir='ltr'>ὄνομα</span> <span class='ocrx_word' id='word_1_111' title='bbox 772 1987 947 2055; x_wconf 75' lang='grc' dir='ltr'>ἀπετέλεσε.</span> 
     </span>
     <span class='ocr_line' id='line_1_15' title="bbox 406 2095 1410 2184; baseline 0.002 -24"><span class='ocrx_word' id='word_1_112' title='bbox 406 2115 436 2181; x_wconf 89' lang='lat'>7.</span> <span class='ocrx_word' id='word_1_113' title='bbox 457 2095 615 2181; x_wconf 76' lang='grc' dir='ltr'>Κέχρηται</span> <span class='ocrx_word' id='word_1_114' title='bbox 633 2097 666 2160; x_wconf 83' lang='grc' dir='ltr'>δὲ</span> <span class='ocrx_word' id='word_1_115' title='bbox 685 2096 815 2180; x_wconf 80' lang='grc' dir='ltr'>διακόνῳ</span> <span class='ocrx_word' id='word_1_116' title='bbox 831 2103 873 2184; x_wconf 63' lang='lat' dir='ltr'>etp</span> <span class='ocrx_word' id='word_1_117' title='bbox 886 2105 945 2160; x_wconf 83' lang='grc' dir='ltr'>τῶν</span> <span class='ocrx_word' id='word_1_118' title='bbox 961 2096 1039 2161; x_wconf 73' lang='grc' dir='ltr'>ἑπτὰ</span> <span class='ocrx_word' id='word_1_119' title='bbox 1057 2096 1195 2181; x_wconf 79' lang='grc' dir='ltr'>ἀριθμῶν</span> <span class='ocrx_word' id='word_1_120' title='bbox 1215 2096 1350 2182; x_wconf 69' lang='grc' dir='ltr'>μεγέθει,</span> <span class='ocrx_word' id='word_1_121' title='bbox 1368 2099 1410 2175; x_wconf 83' lang='grc' dir='ltr'>ὥς</span> 
     </span>
    </p>
   </div>
   <div class='ocr_carea' id='block_1_4' title="bbox 339 2202 1409 2395">
    <p class='ocr_par' dir='ltr' id='par_1_5' title="bbox 339 2202 1409 2395">
     <span class='ocr_line' id='line_1_16' title="bbox 339 2202 1409 2290; baseline 0.001 -23"><span class='ocrx_word' id='word_1_122' title='bbox 339 2224 429 2288; x_wconf 71' lang='grc' dir='ltr'>φησιν</span> <span class='ocrx_word' id='word_1_123' title='bbox 446 2204 465 2288; x_wconf 75' lang='grc' dir='ltr'><strong>ἡ</strong></span> <span class='ocrx_word' id='word_1_124' title='bbox 485 2202 613 2288; x_wconf 73' lang='grc' dir='ltr'>Μάρκου</span> <span class='ocrx_word' id='word_1_125' title='bbox 632 2203 719 2288; x_wconf 74' lang='grc' dir='ltr'>Σιγὴ,</span> <span class='ocrx_word' id='word_1_126' title='bbox 738 2205 786 2267; x_wconf 87' lang='grc' dir='ltr'>ίνα</span> <span class='ocrx_word' id='word_1_127' title='bbox 803 2212 855 2286; x_wconf 77' lang='grc' dir='ltr'>τῆς</span> <span class='ocrx_word' id='word_1_128' title='bbox 875 2202 1096 2289; x_wconf 75' lang='grc' dir='ltr'>αὐτοβουλητσυ</span> <span class='ocrx_word' id='word_1_129' title='bbox 1120 2202 1228 2290; x_wconf 79' lang='grc' dir='ltr'>βουλῆς</span> <span class='ocrx_word' id='word_1_130' title='bbox 1246 2205 1409 2290; x_wconf 65' lang='grc' dir='ltr'>φανερωθῇ</span> 
     </span>
     <span class='ocr_line' id='line_1_17' title="bbox 339 2307 1409 2395; baseline -0.002 -21"><span class='ocrx_word' id='word_1_131' title='bbox 339 2307 504 2393; x_wconf 84' lang='grc' dir='ltr'>διιαρπὸς.</span> <span class='ocrx_word' id='word_1_132' title='bbox 551 2309 614 2374; x_wconf 77' lang='lat' dir='ltr'>Tu</span> <span class='ocrx_word' id='word_1_133' title='bbox 637 2308 736 2395; x_wconf 79' lang='grc' dir='ltr'>μέντοι</span> <span class='ocrx_word' id='word_1_134' title='bbox 760 2308 907 2394; x_wconf 78' lang='grc' dir='ltr'>ἐπίσημον</span> <span class='ocrx_word' id='word_1_135' title='bbox 928 2317 1033 2373; x_wconf 85' lang='grc' dir='ltr'>τοῦτον</span> <span class='ocrx_word' id='word_1_136' title='bbox 1051 2311 1182 2395; x_wconf 74' lang='grc' dir='ltr'>ἀριδμδν</span> <span class='ocrx_word' id='word_1_137' title='bbox 1205 2311 1254 2374; x_wconf 80' lang='grc' dir='ltr'>ὲπί</span> <span class='ocrx_word' id='word_1_138' title='bbox 1276 2319 1330 2374; x_wconf 82' lang='grc' dir='ltr'>τοῦ</span> <span class='ocrx_word' id='word_1_139' title='bbox 1353 2333 1409 2374; x_wconf 85' lang='grc' dir='ltr'>ιτα-</span> 
     </span>
    </p>
   </div>
   <div class='ocr_carea' id='block_1_5' title="bbox 340 2414 1410 2930">
    <p class='ocr_par' dir='ltr' id='par_1_6' title="bbox 340 2414 1410 2930">
     <span class='ocr_line' id='line_1_18' title="bbox 341 2414 1409 2502; baseline 0.001 -22"><span class='ocrx_word' id='word_1_140' title='bbox 341 2416 450 2502; x_wconf 80' lang='grc' dir='ltr'>ρόντος,</span> <span class='ocrx_word' id='word_1_141' title='bbox 460 2419 543 2501; x_wconf 74' lang='grc' dir='ltr'>φησί,</span> <span class='ocrx_word' id='word_1_142' title='bbox 552 2419 603 2480; x_wconf 84' lang='grc' dir='ltr'>τδν</span> <span class='ocrx_word' id='word_1_143' title='bbox 616 2416 666 2480; x_wconf 83' lang='grc' dir='ltr'>ἐπὶ</span> <span class='ocrx_word' id='word_1_144' title='bbox 677 2425 731 2479; x_wconf 82' lang='grc' dir='ltr'>τοῦ</span> <span class='ocrx_word' id='word_1_145' title='bbox 742 2415 892 2500; x_wconf 80' lang='grc' dir='ltr'>ἐπιτίμου</span> <span class='ocrx_word' id='word_1_146' title='bbox 904 2415 1115 2500; x_wconf 79' lang='grc' dir='ltr'>μορρωθέντα,</span> <span class='ocrx_word' id='word_1_147' title='bbox 1127 2414 1236 2501; x_wconf 77' lang='grc' dir='ltr'>νόησον</span> <span class='ocrx_word' id='word_1_148' title='bbox 1243 2421 1295 2481; x_wconf 81' lang='grc' dir='ltr'>τὸν</span> <span class='ocrx_word' id='word_1_149' title='bbox 1306 2419 1409 2500; x_wconf 80' lang='grc' dir='ltr'>ὥσπερ</span> 
     </span>
     <span class='ocr_line' id='line_1_19' title="bbox 340 2519 1409 2611; baseline 0 -25"><span class='ocrx_word' id='word_1_150' title='bbox 340 2520 522 2608; x_wconf 74' lang='grc' dir='ltr'>μερισθέντα</span> <span class='ocrx_word' id='word_1_151' title='bbox 546 2519 578 2611; x_wconf 76' lang='grc' dir='ltr'>[ἢ</span> <span class='ocrx_word' id='word_1_152' title='bbox 597 2519 857 2610; x_wconf 74' lang='grc' dir='ltr'>διχοτομηθέντα]</span> <span class='ocrx_word' id='word_1_153' title='bbox 873 2523 926 2585; x_wconf 83' lang='grc' dir='ltr'>καὶ</span> <span class='ocrx_word' id='word_1_154' title='bbox 944 2521 1001 2598; x_wconf 82' lang='grc' dir='ltr'>ἔξω</span> <span class='ocrx_word' id='word_1_155' title='bbox 1017 2523 1168 2606; x_wconf 87' lang='grc' dir='ltr'>μείναντα,</span> <span class='ocrx_word' id='word_1_156' title='bbox 1192 2525 1277 2608; x_wconf 66' lang='lat' dir='ltr'>hrt-p</span> <span class='ocrx_word' id='word_1_157' title='bbox 1300 2524 1409 2588; x_wconf 81' lang='grc' dir='ltr'>ἑαυτοῦ</span> 
     </span>
     <span class='ocr_line' id='line_1_20' title="bbox 340 2627 1410 2716; baseline 0 -24"><span class='ocrx_word' id='word_1_158' title='bbox 340 2628 461 2712; x_wconf 81' lang='grc' dir='ltr'>δυνάμει</span> <span class='ocrx_word' id='word_1_159' title='bbox 479 2651 513 2693; x_wconf 81' lang='grc' dir='ltr'>τε</span> <span class='ocrx_word' id='word_1_160' title='bbox 531 2631 584 2692; x_wconf 80' lang='grc' dir='ltr'>καί</span> <span class='ocrx_word' id='word_1_161' title='bbox 598 2629 750 2714; x_wconf 75' lang='grc' dir='ltr'>φρονήσει,</span> <span class='ocrx_word' id='word_1_162' title='bbox 766 2629 815 2691; x_wconf 76' lang='grc' dir='ltr'>δια</span> <span class='ocrx_word' id='word_1_163' title='bbox 830 2637 883 2712; x_wconf 72' lang='grc' dir='ltr'>τῆς</span> <span class='ocrx_word' id='word_1_164' title='bbox 897 2627 952 2691; x_wconf 80' lang='grc' dir='ltr'>ἀπ’</span> <span class='ocrx_word' id='word_1_165' title='bbox 965 2631 1057 2693; x_wconf 81' lang='grc' dir='ltr'>αὐτοῦ</span> <span class='ocrx_word' id='word_1_166' title='bbox 1072 2628 1222 2716; x_wconf 73' lang='grc' dir='ltr'>προβολῆς</span> <span class='ocrx_word' id='word_1_167' title='bbox 1236 2639 1341 2694; x_wconf 85' lang='grc' dir='ltr'>τοῦτον</span> <span class='ocrx_word' id='word_1_168' title='bbox 1358 2633 1410 2694; x_wconf 81' lang='grc' dir='ltr'>τὸν</span> 
     </span>
     <span class='ocr_line' id='line_1_21' title="bbox 340 2735 1408 2822; baseline 0.001 -23"><span class='ocrx_word' id='word_1_169' title='bbox 340 2745 397 2799; x_wconf 84' lang='grc' dir='ltr'>τῶν</span> <span class='ocrx_word' id='word_1_170' title='bbox 421 2735 498 2800; x_wconf 83' lang='grc' dir='ltr'>ἑπτὰ</span> <span class='ocrx_word' id='word_1_171' title='bbox 524 2735 688 2820; x_wconf 75' lang='grc' dir='ltr'>δυνάμεων,</span> <span class='ocrx_word' id='word_1_172' title='bbox 717 2738 797 2800; x_wconf 77' lang='grc' dir='ltr'>κατὰ</span> <span class='ocrx_word' id='word_1_173' title='bbox 825 2735 947 2820; x_wconf 79' lang='grc' dir='ltr'>μίμησιν</span> <span class='ocrx_word' id='word_1_174' title='bbox 975 2745 1028 2819; x_wconf 79' lang='grc' dir='ltr'>τῆς</span> <span class='ocrx_word' id='word_1_175' title='bbox 1056 2735 1219 2822; x_wconf 77' lang='grc' dir='ltr'>ἑβδομάδος</span> <span class='ocrx_word' id='word_1_176' title='bbox 1247 2735 1408 2821; x_wconf 72' lang='grc' dir='ltr'>δυνάμεως,</span> 
     </span>
     <span class='ocr_line' id='line_1_22' title="bbox 340 2841 1409 2930; baseline 0.002 -24"><span class='ocrx_word' id='word_1_177' title='bbox 340 2843 482 2929; x_wconf 81' lang='grc' dir='ltr'>ἐψύχιυσε</span> <span class='ocrx_word' id='word_1_178' title='bbox 505 2841 632 2928; x_wconf 79' lang='grc' dir='ltr'>κόσμον,</span> <span class='ocrx_word' id='word_1_179' title='bbox 655 2846 708 2907; x_wconf 81' lang='grc' dir='ltr'>καὶ</span> <span class='ocrx_word' id='word_1_180' title='bbox 726 2843 828 2928; x_wconf 79' lang='grc' dir='ltr'>ψυχὴν</span> <span class='ocrx_word' id='word_1_181' title='bbox 845 2843 938 2907; x_wconf 72' lang='grc' dir='ltr'>ἔθετο</span> <span class='ocrx_word' id='word_1_182' title='bbox 956 2845 1029 2907; x_wconf 74' lang='grc' dir='ltr'>εἶναι</span> <span class='ocrx_word' id='word_1_183' title='bbox 1048 2852 1103 2908; x_wconf 83' lang='grc' dir='ltr'>τοῦ</span> <span class='ocrx_word' id='word_1_184' title='bbox 1121 2843 1272 2930; x_wconf 83' lang='grc' dir='ltr'>δρωμένου</span> <span class='ocrx_word' id='word_1_185' title='bbox 1290 2845 1409 2920; x_wconf 76' lang='grc' dir='ltr'>παντὸς.</span> 
     </span>
    </p>
   </div>
   <div class='ocr_carea' id='block_1_6' title="bbox 340 3041 1412 4208">
    <p class='ocr_par' dir='ltr' id='par_1_7' title="bbox 340 3041 1410 3702">
     <span class='ocr_line' id='line_1_23' title="bbox 375 3041 1410 3113; baseline 0 -19"><span class='ocrx_word' id='word_1_186' title='bbox 375 3043 418 3109; x_wconf 90' lang='grc' dir='ltr'>(ι)</span> <span class='ocrx_word' id='word_1_187' title='bbox 437 3041 488 3094; x_wconf 91' lang='lat' dir='ltr'>Pro</span> <span class='ocrx_word' id='word_1_188' title='bbox 504 3043 636 3113; x_wconf 77' lang='lat' dir='ltr'>insignem,</span> <span class='ocrx_word' id='word_1_189' title='bbox 651 3059 746 3113; x_wconf 85' lang='lat' dir='ltr'>graece</span> <span class='ocrx_word' id='word_1_190' title='bbox 764 3041 845 3095; x_wconf 90' lang='lat' dir='ltr'>habes</span> <span class='ocrx_word' id='word_1_191' title='bbox 900 3041 1034 3095; x_wconf 89' lang='lat' dir='ltr'>adstantes</span> <span class='ocrx_word' id='word_1_192' title='bbox 1058 3043 1099 3111; x_wconf 85' lang='lat' dir='ltr'>(in</span> <span class='ocrx_word' id='word_1_193' title='bbox 1127 3043 1264 3111; x_wconf 83' lang='lat' dir='ltr'>Aletheia)</span> <span class='ocrx_word' id='word_1_194' title='bbox 1288 3042 1410 3096; x_wconf 87' lang='lat' dir='ltr'>Pleroma</span> 
     </span>
     <span class='ocr_line' id='line_1_24' title="bbox 340 3124 1410 3198; baseline 0 -20"><span class='ocrx_word' id='word_1_195' title='bbox 340 3124 468 3192; x_wconf 76' lang='grc' dir='ltr'>ἐπίσημον</span> <span class='ocrx_word' id='word_1_196' title='bbox 491 3143 544 3196; x_wconf 93' lang='lat' dir='ltr'>quo</span> <span class='ocrx_word' id='word_1_197' title='bbox 563 3126 673 3180; x_wconf 91' lang='lat' dir='ltr'>nomine</span> <span class='ocrx_word' id='word_1_198' title='bbox 692 3124 786 3178; x_wconf 90' lang='lat' dir='ltr'>Graeci</span> <span class='ocrx_word' id='word_1_199' title='bbox 806 3124 846 3177; x_wconf 88' lang='lat' dir='ltr'>in·</span> <span class='ocrx_word' id='word_1_200' title='bbox 900 3126 1027 3192; x_wconf 91' lang='lat' dir='ltr'>condidit,</span> <span class='ocrx_word' id='word_1_201' title='bbox 1038 3128 1075 3179; x_wconf 89' lang='lat' dir='ltr'>ita</span> <span class='ocrx_word' id='word_1_202' title='bbox 1091 3127 1245 3180; x_wconf 83' lang='lat' dir='ltr'>Achamoth</span> <span class='ocrx_word' id='word_1_203' title='bbox 1258 3143 1304 3198; x_wconf 87' lang='lat' dir='ltr'>per</span> <span class='ocrx_word' id='word_1_204' title='bbox 1319 3127 1410 3180; x_wconf 91' lang='lat' dir='ltr'>Demi-</span> 
     </span>
     <span class='ocr_line' id='line_1_25' title="bbox 340 3210 1409 3283; baseline 0.002 -21"><span class='ocrx_word' id='word_1_205' title='bbox 340 3210 846 3280; x_wconf 83' lang='lat' dir='ltr'>nuuntsignaextra-alphabeticaquae</span> <span class='ocrx_word' id='word_1_206' title='bbox 900 3231 995 3283; x_wconf 88' lang='lat' dir='ltr'>urgum</span> <span class='ocrx_word' id='word_1_207' title='bbox 1005 3213 1321 3280; x_wconf 87' lang='lat' dir='ltr'>(Hebdomas)mundum</span> <span class='ocrx_word' id='word_1_208' title='bbox 1330 3223 1409 3264; x_wconf 87' lang='lat' dir='ltr'>creat.</span> 
     </span>
     <span class='ocr_line' id='line_1_26' title="bbox 340 3289 1410 3367; baseline 0.004 -23"><span class='ocrx_word' id='word_1_209' title='bbox 340 3309 388 3362; x_wconf 91' lang='lat' dir='ltr'>pro</span> <span class='ocrx_word' id='word_1_210' title='bbox 398 3289 423 3355; x_wconf 87' lang='lat'>6,</span> <span class='ocrx_word' id='word_1_211' title='bbox 433 3307 537 3362; x_wconf 84' lang='lat' dir='ltr'>90,9oo</span> <span class='ocrx_word' id='word_1_212' title='bbox 548 3293 592 3346; x_wconf 88' lang='lat' dir='ltr'>scl.</span> <span class='ocrx_word' id='word_1_213' title='bbox 603 3293 728 3345; x_wconf 87' lang='lat' dir='ltr'>adhibent</span> <span class='ocrx_word' id='word_1_214' title='bbox 741 3295 846 3360; x_wconf 85' lang='grc' dir='ltr'>(διγοίμ-</span> <span class='ocrx_word' id='word_1_215' title='bbox 938 3297 981 3367; x_wconf 84' lang='grc'>(4)</span> <span class='ocrx_word' id='word_1_216' title='bbox 1000 3297 1072 3350; x_wconf 88' lang='lat' dir='ltr'>Haec</span> <span class='ocrx_word' id='word_1_217' title='bbox 1094 3297 1185 3350; x_wconf 86' lang='lat' dir='ltr'>omnia</span> <span class='ocrx_word' id='word_1_218' title='bbox 1205 3296 1353 3351; x_wconf 84' lang='lat' dir='ltr'>referuntur</span> <span class='ocrx_word' id='word_1_219' title='bbox 1376 3295 1410 3348; x_wconf 92' lang='lat' dir='ltr'>ad</span> 
     </span>
     <span class='ocr_line' id='line_1_27' title="bbox 340 3377 1410 3453; baseline 0.001 -22"><span class='ocrx_word' id='word_1_220' title='bbox 340 3377 745 3443; x_wconf 54' lang='lat' dir='ltr'>peamaeepmuomsticis</span> <span class='ocrx_word' id='word_1_221' title='bbox 755 3389 847 3430; x_wconf 78' lang='lat' dir='ltr'>tamen</span> <span class='ocrx_word' id='word_1_222' title='bbox 903 3383 1069 3453; x_wconf 84' lang='lat' dir='ltr'>operationes</span> <span class='ocrx_word' id='word_1_223' title='bbox 1082 3381 1245 3446; x_wconf 86' lang='lat' dir='ltr'>Achamoth,</span> <span class='ocrx_word' id='word_1_224' title='bbox 1263 3398 1329 3452; x_wconf 87' lang='lat' dir='ltr'>quae</span> <span class='ocrx_word' id='word_1_225' title='bbox 1344 3379 1410 3451; x_wconf 86' lang='lat' dir='ltr'>ligu-</span> 
     </span>
     <span class='ocr_line' id='line_1_28' title="bbox 341 3460 1409 3534; baseline 0.003 -23"><span class='ocrx_word' id='word_1_226' title='bbox 341 3460 478 3530; x_wconf 87' lang='lat' dir='ltr'>episemon</span> <span class='ocrx_word' id='word_1_227' title='bbox 492 3462 555 3514; x_wconf 78' lang='grc' dir='ltr'>κατ’</span> <span class='ocrx_word' id='word_1_228' title='bbox 569 3464 667 3530; x_wconf 79' lang='grc' dir='ltr'>ἑξοχην</span> <span class='ocrx_word' id='word_1_229' title='bbox 680 3473 720 3515; x_wconf 89' lang='lat' dir='ltr'>est</span> <span class='ocrx_word' id='word_1_230' title='bbox 740 3478 813 3514; x_wconf 89' lang='lat' dir='ltr'>num.</span> <span class='ocrx_word' id='word_1_231' title='bbox 830 3461 850 3511; x_wconf 79' lang='grc' dir='ltr'>Ρ</span> <span class='ocrx_word' id='word_1_232' title='bbox 903 3481 961 3516; x_wconf 86' lang='lat' dir='ltr'>ram</span> <span class='ocrx_word' id='word_1_233' title='bbox 975 3465 1073 3534; x_wconf 91' lang='lat' dir='ltr'>accepit</span> <span class='ocrx_word' id='word_1_234' title='bbox 1090 3481 1104 3516; x_wconf 89' lang='lat' dir='ltr'>a</span> <span class='ocrx_word' id='word_1_235' title='bbox 1117 3463 1263 3527; x_wconf 73' lang='lat' dir='ltr'>salvatore,</span> <span class='ocrx_word' id='word_1_236' title='bbox 1277 3479 1357 3533; x_wconf 89' lang='lat' dir='ltr'>quum</span> <span class='ocrx_word' id='word_1_237' title='bbox 1370 3478 1409 3514; x_wconf 91' lang='lat' dir='ltr'>es·</span> 
     </span>
     <span class='ocr_line' id='line_1_29' title="bbox 341 3543 1410 3617; baseline -0.001 -19"><span class='ocrx_word' id='word_1_238' title='bbox 341 3562 387 3598; x_wconf 89' lang='lat' dir='ltr'>seu</span> <span class='ocrx_word' id='word_1_239' title='bbox 397 3543 423 3610; x_wconf 89' lang='lat'>6,</span> <span class='ocrx_word' id='word_1_240' title='bbox 433 3546 474 3598; x_wconf 90' lang='lat' dir='ltr'>cui</span> <span class='ocrx_word' id='word_1_241' title='bbox 485 3547 651 3617; x_wconf 84' lang='lat' dir='ltr'>aequivalent</span> <span class='ocrx_word' id='word_1_242' title='bbox 661 3548 742 3601; x_wconf 84' lang='lat' dir='ltr'>etiam</span> <span class='ocrx_word' id='word_1_243' title='bbox 753 3551 777 3612; x_wconf 73' lang='grc' dir='ltr'>ζ,</span> <span class='ocrx_word' id='word_1_244' title='bbox 788 3550 811 3612; x_wconf 78' lang='grc' dir='ltr'>ξ,</span> <span class='ocrx_word' id='word_1_245' title='bbox 820 3551 849 3614; x_wconf 84' lang='grc' dir='ltr'>ψ.</span> <span class='ocrx_word' id='word_1_246' title='bbox 904 3559 942 3600; x_wconf 90' lang='lat' dir='ltr'>set</span> <span class='ocrx_word' id='word_1_247' title='bbox 962 3563 977 3600; x_wconf 89' lang='lat' dir='ltr'>a</span> <span class='ocrx_word' id='word_1_248' title='bbox 990 3547 1087 3617; x_wconf 90' lang='lat' dir='ltr'>Sophia</span> <span class='ocrx_word' id='word_1_249' title='bbox 1103 3560 1128 3600; x_wconf 90' lang='lat' dir='ltr'>et</span> <span class='ocrx_word' id='word_1_250' title='bbox 1142 3564 1158 3600; x_wconf 86' lang='lat' dir='ltr'>a</span> <span class='ocrx_word' id='word_1_251' title='bbox 1172 3547 1322 3600; x_wconf 88' lang='lat' dir='ltr'>Pleromate</span> <span class='ocrx_word' id='word_1_252' title='bbox 1337 3561 1410 3614; x_wconf 86' lang='lat' dir='ltr'>sepa-</span> 
     </span>
     <span class='ocr_line' id='line_1_30' title="bbox 342 3629 1410 3702; baseline 0 -20"><span class='ocrx_word' id='word_1_253' title='bbox 342 3629 410 3683; x_wconf 90' lang='lat' dir='ltr'>Hinc</span> <span class='ocrx_word' id='word_1_254' title='bbox 430 3643 517 3684; x_wconf 85' lang='lat' dir='ltr'>cetera</span> <span class='ocrx_word' id='word_1_255' title='bbox 537 3631 679 3702; x_wconf 87' lang='lat' dir='ltr'>intelligas.</span> <span class='ocrx_word' id='word_1_256' title='bbox 904 3642 969 3694; x_wconf 87' lang='lat' dir='ltr'>rata,</span> <span class='ocrx_word' id='word_1_257' title='bbox 982 3642 1008 3684; x_wconf 91' lang='lat' dir='ltr'>et</span> <span class='ocrx_word' id='word_1_258' title='bbox 1024 3631 1101 3684; x_wconf 87' lang='lat' dir='ltr'>huius</span> <span class='ocrx_word' id='word_1_259' title='bbox 1120 3630 1285 3702; x_wconf 73' lang='lat' dir='ltr'>figurationIs</span> <span class='ocrx_word' id='word_1_260' title='bbox 1304 3630 1410 3692; x_wconf 89' lang='lat' dir='ltr'>virtute,</span> 
     </span>
    </p>

    <p class='ocr_par' dir='ltr' id='par_1_8' title="bbox 378 3714 1412 3786">
     <span class='ocr_line' id='line_1_31' title="bbox 378 3714 1412 3786; baseline -0.001 -20"><span class='ocrx_word' id='word_1_261' title='bbox 378 3715 420 3782; x_wconf 87' lang='lat'>(2)</span> <span class='ocrx_word' id='word_1_262' title='bbox 431 3714 478 3768; x_wconf 84' lang='lat' dir='ltr'>Le.</span> <span class='ocrx_word' id='word_1_263' title='bbox 485 3716 554 3779; x_wconf 77' lang='grc' dir='ltr'>Νοῦς</span> <span class='ocrx_word' id='word_1_264' title='bbox 561 3719 606 3782; x_wconf 88' lang='lat' dir='ltr'>(ex</span> <span class='ocrx_word' id='word_1_265' title='bbox 613 3715 850 3786; x_wconf 88' lang='lat' dir='ltr'>praecedentibus).</span> <span class='ocrx_word' id='word_1_266' title='bbox 903 3732 954 3785; x_wconf 93' lang='lat' dir='ltr'>ope</span> <span class='ocrx_word' id='word_1_267' title='bbox 962 3714 1244 3786; x_wconf 86' lang='lat' dir='ltr'>Demiurgi,animavit</span> <span class='ocrx_word' id='word_1_268' title='bbox 1254 3715 1325 3767; x_wconf 89' lang='lat' dir='ltr'>hunc</span> <span class='ocrx_word' id='word_1_269' title='bbox 1335 3729 1412 3767; x_wconf 88' lang='lat' dir='ltr'>mun·</span> 
     </span>
    </p>

    <p class='ocr_par' dir='ltr' id='par_1_9' title="bbox 343 3796 1412 4208">
     <span class='ocr_line' id='line_1_32' title="bbox 378 3796 1411 3870; baseline -0.002 -19"><span class='ocrx_word' id='word_1_270' title='bbox 378 3800 421 3868; x_wconf 84' lang='lat'>(3)</span> <span class='ocrx_word' id='word_1_271' title='bbox 437 3798 458 3850; x_wconf 94' lang='lat' dir='ltr'>I.</span> <span class='ocrx_word' id='word_1_272' title='bbox 474 3815 498 3852; x_wconf 90' lang='lat' dir='ltr'>c.</span> <span class='ocrx_word' id='word_1_273' title='bbox 516 3800 646 3865; x_wconf 72' lang='lat' dir='ltr'>ministra,</span> <span class='ocrx_word' id='word_1_274' title='bbox 659 3816 756 3870; x_wconf 90' lang='lat' dir='ltr'>nempe</span> <span class='ocrx_word' id='word_1_275' title='bbox 768 3802 850 3868; x_wconf 84' lang='grc' dir='ltr'>’Δλη-</span> <span class='ocrx_word' id='word_1_276' title='bbox 904 3800 968 3852; x_wconf 88' lang='lat' dir='ltr'>dum</span> <span class='ocrx_word' id='word_1_277' title='bbox 990 3811 1091 3870; x_wconf 88' lang='lat' dir='ltr'>septem</span> <span class='ocrx_word' id='word_1_278' title='bbox 1116 3810 1283 3853; x_wconf 89' lang='lat' dir='ltr'>constantem</span> <span class='ocrx_word' id='word_1_279' title='bbox 1307 3796 1411 3850; x_wconf 85' lang='lat' dir='ltr'>virtuti·</span> 
     </span>
     <span class='ocr_line' id='line_1_33' title="bbox 343 3881 1411 3960; baseline -0.004 -24"><span class='ocrx_word' id='word_1_280' title='bbox 343 3881 414 3950; x_wconf 72' lang='grc' dir='ltr'>θεία,</span> <span class='ocrx_word' id='word_1_281' title='bbox 428 3883 500 3936; x_wconf 89' lang='lat' dir='ltr'>cuius</span> <span class='ocrx_word' id='word_1_282' title='bbox 516 3900 616 3936; x_wconf 90' lang='lat' dir='ltr'>nomen</span> <span class='ocrx_word' id='word_1_283' title='bbox 631 3895 733 3954; x_wconf 88' lang='lat' dir='ltr'>septem</span> <span class='ocrx_word' id='word_1_284' title='bbox 746 3895 850 3936; x_wconf 87' lang='lat' dir='ltr'>constat</span> <span class='ocrx_word' id='word_1_285' title='bbox 904 3884 961 3949; x_wconf 89' lang='lat' dir='ltr'>bus,</span> <span class='ocrx_word' id='word_1_286' title='bbox 977 3901 1055 3955; x_wconf 87' lang='lat' dir='ltr'>quem</span> <span class='ocrx_word' id='word_1_287' title='bbox 1072 3884 1157 3954; x_wconf 89' lang='lat' dir='ltr'>posuit</span> <span class='ocrx_word' id='word_1_288' title='bbox 1168 3895 1200 3960; x_wconf 72' lang='lat' dir='ltr'>¹ut</span> <span class='ocrx_word' id='word_1_289' title='bbox 1216 3882 1334 3936; x_wconf 89' lang='lat' dir='ltr'>animam</span> <span class='ocrx_word' id='word_1_290' title='bbox 1354 3881 1411 3933; x_wconf 88' lang='lat' dir='ltr'>uni·</span> 
     </span>
     <span class='ocr_line' id='line_1_34' title="bbox 343 3965 1412 4040; baseline -0.002 -21"><span class='ocrx_word' id='word_1_291' title='bbox 343 3967 438 4020; x_wconf 86' lang='lat' dir='ltr'>literis:</span> <span class='ocrx_word' id='word_1_292' title='bbox 458 3967 500 4021; x_wconf 92' lang='lat' dir='ltr'>hic</span> <span class='ocrx_word' id='word_1_293' title='bbox 525 3968 633 4038; x_wconf 88' lang='lat' dir='ltr'>ponitur</span> <span class='ocrx_word' id='word_1_294' title='bbox 650 3967 803 4040; x_wconf 56' lang='lat' dir='ltr'>exemplunm</span> <span class='ocrx_word' id='word_1_295' title='bbox 823 3968 851 4020; x_wconf 89' lang='lat' dir='ltr'>in</span> <span class='ocrx_word' id='word_1_296' title='bbox 905 3969 973 4022; x_wconf 85' lang='lat' dir='ltr'>versi</span> <span class='ocrx_word' id='word_1_297' title='bbox 992 3968 1184 4038; x_wconf 85' lang='lat' dir='ltr'>adspectabilis.</span> <span class='ocrx_word' id='word_1_298' title='bbox 1221 3965 1287 4020; x_wconf 89' lang='lat' dir='ltr'>Eam</span> <span class='ocrx_word' id='word_1_299' title='bbox 1303 3966 1412 4018; x_wconf 88' lang='lat' dir='ltr'>nomine</span> 
     </span>
     <span class='ocr_line' id='line_1_35' title="bbox 343 4049 1412 4122; baseline -0.004 -18"><span class='ocrx_word' id='word_1_300' title='bbox 343 4051 511 4122; x_wconf 89' lang='lat' dir='ltr'>sequentibus</span> <span class='ocrx_word' id='word_1_301' title='bbox 520 4069 584 4106; x_wconf 84' lang='lat' dir='ltr'>vero</span> <span class='ocrx_word' id='word_1_302' title='bbox 591 4054 707 4105; x_wconf 79' lang='lat' dir='ltr'>imitatio.</span> <span class='ocrx_word' id='word_1_303' title='bbox 735 4053 771 4105; x_wconf 94' lang='lat' dir='ltr'>Ut</span> <span class='ocrx_word' id='word_1_304' title='bbox 779 4052 850 4106; x_wconf 89' lang='lat' dir='ltr'>enim</span> <span class='ocrx_word' id='word_1_305' title='bbox 905 4052 974 4105; x_wconf 88' lang='lat' dir='ltr'>illius</span> <span class='ocrx_word' id='word_1_306' title='bbox 987 4069 1065 4122; x_wconf 86' lang='lat' dir='ltr'>aquo</span> <span class='ocrx_word' id='word_1_307' title='bbox 1077 4053 1195 4106; x_wconf 88' lang='lat' dir='ltr'>redemta</span> <span class='ocrx_word' id='word_1_308' title='bbox 1209 4061 1248 4104; x_wconf 88' lang='lat' dir='ltr'>est</span> <span class='ocrx_word' id='word_1_309' title='bbox 1261 4049 1363 4112; x_wconf 87' lang='lat' dir='ltr'>donari,</span> <span class='ocrx_word' id='word_1_310' title='bbox 1373 4049 1412 4100; x_wconf 89' lang='lat' dir='ltr'>vi·</span> 
     </span>
     <span class='ocr_line' id='line_1_36' title="bbox 344 4134 1295 4208; baseline 0 -20"><span class='ocrx_word' id='word_1_311' title='bbox 344 4136 508 4208; x_wconf 88' lang='lat' dir='ltr'>Monogenes</span> <span class='ocrx_word' id='word_1_312' title='bbox 521 4153 567 4207; x_wconf 88' lang='lat' dir='ltr'>per</span> <span class='ocrx_word' id='word_1_313' title='bbox 577 4149 678 4208; x_wconf 89' lang='lat' dir='ltr'>septem</span> <span class='ocrx_word' id='word_1_314' title='bbox 689 4137 800 4190; x_wconf 88' lang='lat' dir='ltr'>virtutes</span> <span class='ocrx_word' id='word_1_315' title='bbox 812 4137 849 4189; x_wconf 91' lang='lat' dir='ltr'>illi</span> <span class='ocrx_word' id='word_1_316' title='bbox 905 4137 991 4188; x_wconf 87' lang='lat' dir='ltr'>dimus</span> <span class='ocrx_word' id='word_1_317' title='bbox 1011 4147 1036 4190; x_wconf 91' lang='lat' dir='ltr'>et</span> <span class='ocrx_word' id='word_1_318' title='bbox 1055 4153 1077 4188; x_wconf 88' lang='lat' dir='ltr'>c.</span> <span class='ocrx_word' id='word_1_319' title='bbox 1098 4135 1143 4202; x_wconf 89' lang='lat' dir='ltr'>lV,</span> <span class='ocrx_word' id='word_1_320' title='bbox 1166 4152 1187 4198; x_wconf 92' lang='lat'>1,</span> <span class='ocrx_word' id='word_1_321' title='bbox 1206 4151 1231 4205; x_wconf 89' lang='lat' dir='ltr'>p.</span> <span class='ocrx_word' id='word_1_322' title='bbox 1251 4134 1295 4205; x_wconf 87' lang='grc'>98.</span> 
     </span>
    </p>
   </div>
   <div class='ocr_carea' id='block_1_7' title="bbox 0 0 1654 5060">
    <p class='ocr_par' dir='ltr' id='par_1_10' title="bbox 0 0 1654 5060">
     <span class='ocr_line' id='line_1_37' title="bbox 0 0 1654 5060; baseline 0 0"><span class='ocrx_word' id='word_1_323' title='bbox 0 0 1654 5060; x_wconf 95' lang='lat' dir='ltr'> </span> 
     </span>
    </p>
   </div>
  </div>
 </body>
</html>
