3288 5060
211 441 299 512 (xit,
317 442 370 512 2).]
638 442 729 488 trem
752 440 866 488 prmus
1219 437 1282 504 237

216 667 231 702 a
248 647 353 706 caiaota
367 633 499 704 basobor
511 635 698 704 comelanthi
708 663 723 698 υ
731 635 774 702 ,(1)
814 635 940 702 Horum
954 650 1059 700 autem
1071 633 1284 721 interpretatio

213 763 261 813 est
283 745 369 811 talis:
396 744 503 810 «Hoc
527 742 612 832 quod
644 759 691 809 est
722 765 815 830 super
847 763 979 808 omnem
1010 742 1160 807 virtutem
1183 739 1284 806 Patris

219 852 377 932 «invoco,
395 849 479 939 quod
497 867 630 916 vocatur
648 849 767 930 lumen,
787 865 818 916 et
837 849 974 936 spiritus,
992 863 1024 913 et
1043 849 1117 928 vita,
1132 847 1284 936 quoniam

217 985 232 1020 a
252 959 282 1022 in
306 978 438 1045 corpore
462 957 642 1044 regnasti».
689 955 751 1021 Alii
774 970 881 1021 autem
901 976 1009 1021 rursus
1032 951 1284 1041 redemptionem

215 1061 376 1152 profantur
400 1064 461 1128 sic:
489 1090 504 1126 «
524 1063 653 1128 Nomen
672 1060 756 1150 quod
775 1059 994 1128 absconditum
1015 1076 1062 1126 est
1081 1057 1118 1126 ab
1138 1060 1284 1124 universa

217 1169 374 1252 «deitate,
398 1185 428 1235 et
462 1166 689 1249 dominatione,
713 1184 744 1234 et
775 1169 915 1248 veritate,
945 1166 1030 1255 quod
1061 1165 1162 1232 induit
1196 1166 1283 1232 lesus

217 1305 232 1340 (ι
253 1277 432 1364 Nazareous
455 1276 488 1343 in
510 1275 598 1342 zonis
629 1275 770 1356 luminis,
797 1273 942 1342 Christus
965 1274 1126 1340 Dominus
1149 1273 1284 1339 viventis

217 1411 233 1447 ο
252 1405 306 1473 per
321 1384 473 1471 Spiritum
489 1397 633 1450 sanctum
649 1383 682 1448 in
694 1379 944 1469 redemptionem
960 1379 1177 1468 angelicam».
1217 1380 1286 1445 Νο-

218 1514 291 1558 men
298 1491 333 1544 (²)
343 1507 390 1556 est
402 1489 486 1578 quod
500 1489 750 1556 restaurationis:
770 1516 785 1553 ο
801 1487 917 1555 Messia
934 1486 1002 1554 ufar
1015 1510 1132 1575 magno
1148 1487 1179 1553 in
1197 1508 1287 1552 seen-

222 1688 393 1771 «χαμσσσὴ
424 1686 605 1773 βσοιιανοορλ
631 1684 771 1770 μοστοδὶσ
800 1683 913 1768 ponem
942 1687 1058 1748 κουστολ
1081 1681 1214 1770 βαβοφὸρ
1231 1703 1286 1746 κοι-

219 1819 235 1854 «
253 1793 408 1878 λαχθιῖυ.
454 1791 576 1857 Τουτυν
598 1789 665 1875 δ’ή
688 1791 830 1876 ἑρμηνεία
857 1790 922 1854 ἐστὶ
944 1790 1082 1875 τοιαύτη·
1114 1815 1129 1851 «
1142 1789 1188 1854 Τὸ
1211 1789 1287 1873 ὑπὲρ
1342 1815 1349 1828 ·

224 1926 240 1960 «
251 1910 351 1964 πᾶσαν
365 1899 488 1985 δύναμιν
500 1909 553 1964 τοῦ
566 1899 685 1984 Harpa<
699 1898 901 1984 ἐπικαλοῦμαι
914 1907 977 1982 φῶς
991 1897 1222 1984 ὀνομαζόμενον,
1234 1897 1288 1960 κοιλ

224 2033 240 2069 «
251 2015 368 2093 πυροῦμαι
381 2007 511 2092 ἀγαθον,
523 2010 576 2072 καὶ
586 2007 659 2090 ζωὴ,
672 2009 716 2070 ὅτι
728 2003 887 2092 ἐνσώματι
901 2003 1098 2093 ἐβασίλευσας
1111 2029 1140 2071 υ.
1174 2003 1287 2070 Ἀλλοι

218 2115 251 2179 δὲ
263 2115 353 2179 πάλιν
363 2116 417 2199 τὴν
432 2101 577 2196 λυσσῶσιν
591 2112 780 2199 ἐπιλέγουσιν
793 2115 904 2190 οὕτως·
923 2139 938 2174 υ
954 2111 999 2177 Τὸ
1014 2115 1157 2196 ὄνοματὸ
1175 2114 1287 2176 &noxe-

225 2247 241 2282 ιι
252 2218 421 2307 κρυμμὲνον
435 2221 496 2284 ἀπὸ
510 2219 611 2305 πάσης
624 2216 779 2304 θεότητος,
795 2221 848 2284 καὶ
862 2216 1044 2305 κυριότητος,
1059 2221 1113 2283 καὶ
1126 2218 1285 2304 ἀληθείας,

222 2329 270 2390 «ὃ
293 2327 453 2391 ἐνεδύσατο
476 2324 596 2412 Ἰησοῦς
618 2326 635 2390 ὁ
658 2325 834 2410 Ναζαρηνὸς
858 2325 889 2389 ἐν
912 2335 975 2402 ταῖς
998 2324 1089 2409 (enare
1110 2333 1163 2389 τοῦ
1189 2327 1287 2409 φωτὸς

226 2459 240 2493 υ
253 2443 305 2497 noo
321 2433 455 2518 Χριστοῦ
470 2433 580 2512 ζῶντος
595 2433 645 2496 διὰ
659 2431 835 2517 Πνσὺμοιτος
850 2431 936 2516 ἁγίου
952 2432 994 2508 εἰς
1008 2430 1155 2516 λΰτρυσιν
1167 2431 1289 2516 ἀγγελι·

226 2539 311 2623 «κήν
324 2565 356 2605 υ.
402 2537 522 2624 'Oropo
540 2543 574 2604 τὸ
592 2548 645 2623 τῆς
663 2538 958 2616 ἀποκαταστάσεως·
982 2563 998 2600 «
1016 2536 1138 2602 Menelai
1156 2539 1289 2622 οὐφαρὲγ

257 2738 299 2804 (t)
318 2735 389 2790 llaec
414 2736 491 2790 aliter
515 2737 639 2807 leguntur
660 2737 728 2806 apud
786 2755 904 2791 «camna
940 2737 967 2790 Si
981 2737 1046 2790 haec
1059 2753 1122 2790 vera
1135 2749 1196 2790 sunt
1210 2736 1291 2790 inter-

223 2820 284 2874 Nic.
302 2819 370 2873 Tlres.
383 2819 456 2874 Ortlr.
467 2819 524 2873 Fid.
541 2820 643 2873 Graeca
658 2821 729 2874 male
782 2822 896 2892 pretatio
918 2838 1029 2892 sequens
1048 2821 1081 2874 ab
1100 2821 1207 2873 incauto
1226 2837 1291 2891 quo-

224 2917 283 2958 sunt
302 2905 386 2958 divisa
402 2917 428 2958 at
441 2905 531 2958 latinis
543 2905 664 2969 saniora;
685 2921 729 2976 sy·
783 2907 845 2960 dam
872 2905 986 2960 conficta
1004 2917 1058 2969 est;
1089 2905 1211 2976 equidem
1236 2905 1290 2958 uin

224 2990 293 3042 riaca
312 2989 399 3059 potius
417 3001 478 3043 sunt
498 3006 577 3060 quam
597 2989 729 3043 hebraica:
787 3007 917 3061 «corpore
930 2989 1066 3060 regnasti»
1083 3001 1123 3042 est
1135 3005 1167 3041 ex
1181 3005 1290 3058 perpera

223 3085 250 3126 at
270 3073 297 3126 in
314 3073 356 3126 his
374 3073 578 3143 interpretandis
596 3090 651 3126 non
667 3090 730 3127 con·
783 3075 897 3128 lectione
912 3076 1056 3144 βαφαγράχ
1070 3075 1201 3140 ιιάλοιχθι.
1240 3073 1290 3125 Lo-

223 3157 339 3210 sentiunt
358 3157 443 3228 periti.
480 3156 637 3211 Rmmmn.
654 3158 730 3230 legit:
783 3159 939 3230 quotionem
953 3157 1001 3210 ein
1008 3157 1202 3210 redemtionem
1209 3173 1290 3228 ange·

224 3245 328 3308 βάσιμα
344 3240 449 3309 guatoni
468 3245 546 3308 βσαῐη
565 3245 630 3312 vop&
651 3241 731 3308 μίστοι
787 3243 920 3306 alicam»,
933 3258 1000 3313 quae
1009 3253 1035 3294 et
1046 3241 1074 3294 in
1084 3241 1166 3294 altera
1177 3239 1290 3294 formula

224 3329 325 3393 δαροὺα
346 3329 483 3394 boxedera
504 3327 658 3392 βαφοὺρκοιν
685 3344 731 3392 με·
784 3327 907 3391 occurrit,
916 3327 953 3379 sic
961 3323 1138 3396 exponitExc.
1150 3324 1290 3378 Theudae:

223 3413 333 3478 λάχθιι,
349 3427 379 3463 ac
394 3411 596 3481 interpretatur:
619 3411 670 3463 «ln
684 3427 730 3463 no·
788 3411 838 3463 «h.
851 3427 874 3464 e.
888 3427 967 3481 quam
983 3410 1064 3464 etiam
1078 3409 1166 3480 angeli
1179 3410 1291 3473 habent;

227 3515 240 3544 α
252 3494 324 3548 mine
341 3494 489 3548 absconditi
503 3494 530 3547 in
546 3495 600 3548 vita
613 3495 731 3560 luminis,
788 3515 802 3544 υ
812 3507 840 3548 υτ
853 3495 999 3566 baptizatus
1012 3494 1045 3548 sit
1057 3494 1101 3565 qui
1112 3494 1222 3548 nomine
1231 3511 1292 3564 pro·

228 3578 383 3631 «unctionis
398 3576 509 3648 Spiritus
522 3577 684 3642 sanctitatis,
704 3579 731 3631 in
789 3600 802 3630 a
814 3581 870 3651 prio
894 3579 1089 3633 redemtionem
1115 3580 1225 3649 adeptus
1244 3591 1292 3644 eet,

228 3662 444 3716 «redemtionem
454 3663 602 3734 angelicam
612 3683 638 3716 υ.
657 3663 731 3716 Hart-
790 3685 803 3714 ο
812 3681 865 3735 quo
877 3677 903 3720 et
917 3664 1026 3736 angelus
1039 3664 1095 3718 eius
1108 3663 1235 3734 priusfuit
1249 3665 1294 3717 ba-

225 3759 279 3799 var
294 3763 371 3800 vero:
390 3749 500 3816 sarept
514 3747 649 3815 ’Δχσμῶθ
661 3749 733 3814 ’Δβα
792 3750 933 3820 «ptizatus.
971 3749 1069 3820 Angeli
1083 3764 1147 3802 vero
1158 3748 1185 3801 in
1196 3747 1294 3818 princi-

224 3835 276 3885 οὐὰ
282 3833 360 3898 νοῦρα
367 3835 492 3899 praeapte
502 3833 583 3886 ‘rora
596 3835 734 3886 δοκουδσοι
789 3836 858 3906 «pio
868 3834 992 3906 baptizati
1002 3833 1107 3887 fuerunt
1115 3834 1142 3886 in
1153 3833 1294 3886 redemtio-

225 3918 379 3983 βσφυυρτιοιν
391 3919 535 3986 attexta,
554 3918 602 3971 scl.
621 3917 676 3972 aln
686 3935 733 3972 no·
790 3935 877 3972 «nem
887 3917 1004 3972 nominis
1014 3917 1093 3982 illius,
1103 3917 1145 3987 qui
1156 3916 1295 3970 columbae

229 4001 325 4054 nmine
351 3999 465 4072 Sophiae
483 4001 578 4066 Patris,
604 4014 629 4055 et
648 4002 734 4068 Lucis,
792 4002 900 4057 «forma
928 4002 955 4055 in
983 4001 1070 4055 lesum
1102 3999 1236 4053 descendit
1268 4011 1294 4053 et

228 4101 320 4156 «quae
337 4097 432 4140 vocata
451 4097 490 4140 est
503 4084 615 4156 Spiritus
632 4087 734 4140 Sancti·
791 4088 900 4157 «ipsom
920 4086 1031 4140 redemit
1042 4105 1068 4138 υ.

229 4170 314 4223 «tatis
331 4182 358 4223 et
378 4170 406 4223 in
424 4169 617 4226 redemtionem
634 4171 735 4242 angeli·
824 4171 866 4238 (2)
885 4171 925 4224 De
938 4168 1293 4233 vinominis,Anr‹1ca‚l.c.
