3274 5100
629 461 720 508 Linon
742 460 905 507 SECUNDUS

231 461 291 528 (111,
309 461 361 530 2l·]
1237 461 1295 526 321

231 656 304 724 dem
323 655 617 724 indecibilitatenil¹l
640 659 790 724 universo
804 657 974 725 Pleromati
994 656 1106 724 afferre
1125 659 1300 746 inciperet?

233 766 346 847 Quum
369 783 474 853 posset
501 763 539 830 ab
570 765 659 831 initio
678 762 859 832 abscindere
883 764 997 846 labem,
1026 781 1056 832 et
1084 788 1136 831 eas
1159 789 1238 854 quac
1262 763 1299 832 ab

232 872 314 940 eol²l
333 873 458 938 initium
481 888 666 959 acceperunt
689 872 893 950 emissiones;
917 891 1017 959 neque
1048 872 1081 937 in
1113 857 1299 960 ignorantia,

232 1000 331 1065 neque
354 977 387 1044 in
409 978 564 1064 passione,
588 999 689 1064 neque
711 977 743 1042 in
767 974 835 1043 labe
859 978 1115 1044 constitutionem
1134 979 1299 1045 creationis

232 1085 409 1172 permittere
432 1085 581 1172 accipere.
636 1085 704 1166 Qui
728 1086 813 1150 enim
837 1100 945 1172 postea
967 1083 1113 1152 emendat
1132 1083 1249 1167 labem,
1269 1101 1300 1152 et
1386 1139 1388 1145 ,

232 1191 318 1257 velut
336 1191 492 1256 maculam
509 1189 658 1258 emundat
680 1188 822 1275 (labem),
839 1191 941 1257 multo
957 1193 1043 1280 prius
1057 1208 1177 1279 poterat
1193 1192 1302 1259 obser-

233 1283 316 1378 vare,
339 1320 379 1363 ne
401 1295 529 1384 quidem
552 1298 643 1363 initio
671 1298 703 1364 in
727 1299 792 1364 suis
815 1295 883 1363 lieri
906 1298 1001 1364 talem
1026 1298 1193 1365 maculam.
1240 1299 1300 1365 Vel

233 1405 259 1470 si
290 1405 380 1470 initio
402 1403 530 1492 quidem
554 1405 718 1484 concessit,
741 1405 892 1492 quoniam
916 1405 1005 1471 aliter
1026 1403 1092 1472 fieri
1124 1429 1188 1473 non
1213 1423 1302 1496 pote-

233 1526 310 1590 rant,
333 1533 412 1599 quae
444 1509 522 1578 facta
552 1527 635 1592 sunt,
669 1527 793 1598 oportet
823 1527 854 1577 er
886 1533 1010 1599 semper
1034 1513 1078 1578 sic
1102 1511 1169 1579 fieri
1194 1513 1254 1579 illa.
1267 1513 1301 1566 (³)

234 1616 326 1697 Quae
350 1617 435 1684 enirn
468 1618 559 1684 initio
595 1639 659 1683 non
689 1633 822 1704 possunt
853 1617 1108 1685 emendationem
1131 1621 1299 1709 percipere,

232 1720 499 1810 quemadmodum
524 1723 603 1789 hanc
626 1739 733 1812 postea
755 1724 949 1812 percipient?
1004 1726 1068 1792 Aut
1094 1723 1302 1813 quemadmo-

232 1828 309 1896 dum
329 1827 473 1896 homines
492 1830 638 1897 advocari
662 1828 699 1896 ad
723 1828 897 1918 perfectum
916 1830 1035 1911 dicunt,
1053 1855 1153 1921 quum
1169 1831 1222 1900 illa
1235 1833 1301 1921 ipsa

232 1953 406 2024 quaesunt
430 1959 551 2016 causae,
578 1960 616 2002 ex
639 1935 752 2025 quibus
776 1937 848 2004 sacti
873 1954 944 2004 sunt
968 1937 1124 2020 bomineS,
1155 1938 1204 2006 vel
1236 1940 1301 2028 ipse

233 2043 427 2130 Demiurgus
450 2043 500 2108 vel
524 2043 625 2130 angeli
657 2044 689 2109 in
713 2041 781 2110 labe
810 2042 952 2111 dicantur
975 2045 1065 2112 esse?
1120 2046 1208 2112 Etsi
1231 2045 1302 2113 ideo

233 2148 318 2236 quod
342 2146 495 2236 benignus
519 2150 569 2230 sit,
604 2150 637 2216 in
664 2151 848 2216 novissimis
872 2151 1066 2240 temporibus
1085 2153 1232 2219 misertus
1255 2168 1302 2219 est

235 2255 402 2322 hominum
430 2272 461 2322 et
492 2256 664 2343 perfectum
700 2258 745 2323 eis
779 2258 849 2337 dat;
878 2257 1005 2324 illorum
1034 2255 1137 2347 primi)
1161 2260 1302 2326 misereri

234 2360 349 2443 debuit,
368 2364 421 2451 qui
441 2362 565 2429 fuerunt
581 2363 721 2430 hominis
740 2363 884 2446 factores,
908 2382 938 2432 et
961 2365 1035 2432 dare
1048 2367 1093 2433 eis
1117 2365 1301 2454 perfectum.

235 2469 285 2535 Sic
301 2471 407 2557 utique
424 2485 456 2568 et
472 2469 618 2536 homines
637 2471 872 2538 miserationem
891 2473 1112 2560 percepissent,
1136 2473 1174 2540 de
1185 2472 1219 2527 (⁴)
1233 2497 1303 2562 per-

236 2574 323 2642 fectis
346 2575 473 2663 perlecti
498 2575 579 2642 facti.
627 2578 660 2644 Si
684 2579 770 2643 enim
793 2580 898 2665 operis
922 2580 1063 2667 ipsorum
1081 2579 1228 2645 misertus
1244 2597 1301 2662 est,

236 2681 336 2748 multo
360 2683 444 2768 prius
467 2681 594 2747 illorum
616 2683 757 2750 misereri
775 2682 893 2766 debuit,
917 2701 948 2750 et
967 2708 1033 2751 non
1056 2687 1157 2751 sinere
1181 2685 1213 2751 in
1235 2702 1303 2751 tan-

235 2804 303 2854 tum
327 2789 482 2854 caecitatis
504 2790 612 2854 venire
636 2812 702 2855 eos.

304 2915 332 2980 3.
358 2894 503 2962 Solvetur
526 2911 631 2961 autem
655 2919 767 2962 eorum
791 2914 823 2964 et
849 2898 911 2978 ille,
929 2898 983 2986 qui
1006 2914 1054 2964 est
1076 2896 1115 2964 de
1139 2896 1250 2963 umbra
1273 2914 1303 2963 et

235 3024 346 3085 vacu0‚
359 3023 476 3084 serm0,
489 3003 521 3066 in
536 3001 648 3089 quibus
664 3026 745 3085 earn,
757 3027 837 3092 quae
852 3021 898 3070 est
913 3004 1085 3070 secundum
1103 3027 1172 3086 nos,
1189 3003 1303 3070 factam

234 3107 341 3175 dicunt
360 3109 585 3190 conditionem,
602 3109 627 3174 si
644 3111 677 3174 in
692 3109 740 3175 his
756 3133 835 3198 quae
855 3113 1055 3177 continentur
1078 3135 1095 3177 a
1119 3111 1210 3178 Patre
1225 3110 1302 3177 facta

236 3233 308 3280 sunt
331 3215 416 3282 haec.
475 3217 507 3282 Si
538 3217 623 3282 enim
656 3233 820 3305 paternum
852 3217 980 3283 illorum
1009 3216 1117 3283 lumen
1144 3217 1205 3282 tale
1236 3217 1304 3304 opi·

272 3434 742 3504 (1)l.e.:quoddedecus(in·decere)

237 3517 298 3570 dein
318 3517 411 3571 afferas
439 3519 566 3588 (incipere
578 3543 596 3565 =
608 3521 742 3585 μέλλιιν);

236 3619 282 3655 seu
300 3603 327 3655 in
343 3603 455 3656 dedecus
474 3603 630 3656 Pleromatis
648 3603 743 3657 redun-

237 3685 319 3738 daret.
357 3685 475 3738 Deciln'lis
490 3687 604 3739 tenuiori
619 3686 743 3739 latinitati

236 3771 402 3842 incognitum
412 3783 460 3824 est.
488 3771 543 3825 Cir.
553 3772 597 3825 Du
608 3771 707 3826 Canon
718 3783 744 3826 et

236 3855 404 3909 Fonceicnu
429 3857 476 3909 sub
502 3873 576 3910 voce.
626 3856 744 3910 Hanver

236 3941 299 4012 legit
309 3940 520 3993 innascibilitatem
531 3941 576 3994 sed
584 3941 745 4011 quaratione

236 4025 262 4078 id
281 4025 314 4077 ad
337 4025 547 4096 «degeneracy»
575 4025 744 4078 indicandam

237 4111 370 4180 pertrahat
380 4111 451 4164 haud
464 4109 539 4163 facile
549 4110 670 4164 dixerim.
695 4111 745 4163 Ce-

236 4207 323 4248 terum
336 4211 430 4248 omnes
443 4195 518 4248 codd.
532 4195 565 4247 ab
575 4196 619 4247 illa
631 4194 745 4248 lectione

797 3435 923 3487 abnuunt.

834 3520 875 3589 (2)
894 3518 997 3590 Nempe
1025 3517 1078 3570 lohe
1105 3521 1303 3586 (uorepriparrlt

796 3604 845 3657 has
873 3603 1016 3657 discordias
1043 3604 1228 3674 gramaticales
1248 3621 1304 3656 sae·

797 3687 855 3758 pius
873 3688 956 3741 lector
975 3688 1030 3758 ipse
1044 3700 1196 3758 componet,
1208 3703 1303 3758 graeca

799 3773 922 3826 facillime
938 3774 1088 3827 restituens.

834 3859 878 3927 (3)
897 3857 916 3910 l.
936 3875 959 3910 e.
978 3857 1000 3910 si
1019 3856 1075 3910 lieri
1091 3858 1165 3910 abeo
1184 3873 1239 3909 non
1259 3873 1305 3926 po-

799 3942 848 3994 tuit
868 3953 896 3994 ut
914 3942 1120 4011 praepediretur,
1141 3957 1227 4012 neque
1248 3939 1305 3993 fieri

800 4024 885 4095 potuit
904 4035 931 4076 ut
952 4035 1124 4094 repararetur.
1161 4023 1215 4077 Clr.
1234 4023 1305 4076 Pto-

799 4124 856 4163 rrn.
877 4108 906 4162 C.
926 4108 1014 4162 Gnost.
1038 4123 1094 4176 3-4.

836 4194 880 4262 (4)
899 4192 1006 4246 Melius:
1024 4209 1039 4244 u
1056 4191 1182 4264 perfectis.
