3172 5044
622 467 764 513 SYNOPSIS

328 737 417 792 PARS
436 736 589 791 ALTERA.
607 767 643 777 —
661 737 833 792 Senoranuu
851 737 1056 794 Guosrrcaauu

539 841 642 880 vanum
661 841 840 880 seureumr.

220 979 271 1068 Α)
287 979 551 1044 Vatrurnuaua.
615 975 672 1043 XI.
695 975 850 1043 Valentini
863 976 975 1066 duplex
992 979 1100 1047 Horus
1115 1004 1150 1048 ac
1167 1007 1226 1048 nu-

156 1104 222 1152 tans
252 1084 472 1172 christologia3
503 1083 632 1150 Secundi
655 1081 788 1172 Ogdoas
819 1087 852 1149 in
878 1084 1030 1152 tetradem
1054 1087 1224 1172 sinistram,

155 1217 208 1259 seu
222 1190 435 1271 tenebrarum,
443 1191 613 1272 dexteram,
623 1213 678 1257 seu
693 1190 787 1272 lucis;
800 1189 917 1279 Sophia
929 1215 994 1258 non
1002 1195 1105 1275 Aeon,
1120 1194 1175 1262 sed
1187 1220 1225 1262 ex

156 1297 328 1366 Aeonibus.
375 1297 466 1364 Alius
482 1295 731 1388 (Heracleonisi)
753 1312 848 1364 tetras
868 1314 939 1364 ante
957 1301 1085 1388 triginta
1098 1303 1225 1370 Aeones

154 1423 185 1472 et
215 1404 349 1472 absurda
382 1402 596 1492 metaphysica
627 1399 774 1492 loquendi
806 1405 886 1470 ratio
913 1428 1010 1494 quam
1045 1407 1153 1476 irridet
1183 1410 1223 1476 Ir.

154 1512 301 1578 Aliorum
332 1511 427 1576 etiam
457 1511 640 1577 innumerae
667 1511 837 1578 sententiae
861 1498 916 1577 ¹vel
947 1510 985 1579 de
1014 1514 1084 1601 ipso
1108 1515 1223 1602 Bytho.

155 1619 224 1686 XII.
242 1618 436 1686 Ptolemaica
450 1617 593 1685 doctrina
607 1640 630 1702 a
643 1617 802 1705 discipulis
822 1618 907 1684 varie
922 1618 1049 1707 quidem
1066 1644 1140 1688 cum
1155 1622 1225 1711 phi-

154 1725 362 1816 losophorum
379 1725 500 1814 placitis
513 1725 706 1808 conciliatur,
723 1743 755 1792 at
766 1725 883 1791 multae
896 1724 1107 1795 dissensiones
1119 1730 1151 1795 in
1164 1729 1225 1798 hoc

153 1835 281 1922 negotio
299 1835 481 1922 praesertim
501 1832 726 1899 Redemtorem
744 1831 829 1919 quod
847 1833 965 1898 attinet.
1025 1835 1112 1901 XIII.
1133 1837 1225 1904 Mar-

152 1963 202 2006 cus
228 1941 369 2029 magistri
392 1939 551 2007 doctrinas
574 1937 612 2005 ad
637 1939 805 2026 practicam
831 1939 1027 2026 iniquitatem
1057 1945 1222 2010 convertit.

154 2048 323 2116 Character
335 2046 466 2112 moralis
477 2045 570 2111 huius
583 2044 813 2112 heresiarchae:
826 2063 919 2128 artes,
931 2047 1134 2135 imposturae,
1150 2073 1223 2116 ava-

152 2157 249 2234 ritiae,
275 2153 426 2234 luxuriae,
454 2175 532 2241 quae
565 2153 724 2219 incassum
756 2151 922 2240 aliquando
942 2171 1112 2237 cesserunt,
1132 2179 1223 2244 saepe

152 2279 257 2328 umen
275 2282 457 2350 supremam
477 2256 611 2326 seductis
625 2256 786 2347 discipulis
801 2275 832 2326 et
851 2259 1034 2326 mulieribus
1052 2264 1222 2351 perniciem

151 2367 356 2435 adduxerunt.
425 2365 513 2432 XIV.
538 2365 638 2432 Marci
659 2364 856 2453 hypothesis:
872 2364 962 2454 fingit
978 2390 1156 2456 supremam
1178 2386 1221 2436 te-

150 2473 270 2541 tradem
296 2475 393 2540 instar
417 2471 557 2539 mulieris
579 2469 618 2538 ad
642 2495 675 2538 se
698 2469 896 2539 descendisse
919 2496 1029 2540 arcana
1053 2475 1224 2563 patefactu-

151 2603 227 2647 ram.
295 2577 360 2647 Sub
376 2579 592 2666 aenygmatica
612 2577 773 2645 literarum
792 2594 823 2644 et
842 2601 1049 2646 numerorum
1069 2579 1223 2670 farragine

150 2688 448 2754 Valentinianorum
458 2685 604 2752 Pleroma
616 2682 719 2751 tradit.
765 2685 839 2751 XV.
853 2685 903 2750 De
911 2685 981 2751 lesu
994 2703 1098 2753 autem
1112 2686 1222 2755 eadem

150 2793 303 2862 methodo
319 2790 714 2882 alphabeto-erythmetica
733 2815 798 2858 non
815 2791 939 2859 diversa
959 2792 1051 2860 tradit
1070 2817 1087 2859 a
1106 2795 1221 2861 Valen-

148 2905 344 2969 tinianorum
363 2901 569 2966 commentis:
589 2898 667 2964 hanc
684 2915 787 2965 autern
808 2899 995 2966 methodum
1015 2902 1095 2966 inter
1114 2925 1147 2968 se
1165 2926 1222 2989 pu-

149 3011 275 3096 gnantia
291 3006 406 3075 docere
421 3004 558 3073 ostendit
572 3007 624 3086 Ir.,
640 3007 693 3095 qui
708 3007 804 3073 etiam
816 3006 910 3073 verba
925 3009 1059 3073 senioris
1077 3009 1108 3074 in
1122 3009 1221 3075 Marci

148 3118 592 3183 insaniamcommemoratur.
631 3113 1220 3202 XVI.Sequiturinsulsaparabolarum

147 3225 186 3291 de
197 3245 255 3290 ore
263 3219 478 3309 drachmaque
488 3217 644 3308 deperdita
655 3243 671 3284 a
685 3219 850 3286 Marcosiis
863 3218 995 3286 conficta
1005 3222 1171 3308 explicatio
1184 3245 1222 3287 ex

147 3353 208 3420 qua
224 3345 352 3417 sumpta
366 3328 531 3394 occasione
545 3327 727 3415 eloquenter
750 3327 791 3392 Ir.
814 3327 974 3392 vesaniam
999 3326 1125 3393 illorum
1147 3351 1221 3394 sane

148 3435 318 3527 lugendam
331 3433 477 3502 ostendit.
530 3433 638 3500 XVII.
656 3433 863 3520 Cosmologia
876 3433 1110 3499 Marcosiorum
1124 3458 1220 3521 expo-

148 3547 244 3626 nitur,
260 3565 317 3608 seu
333 3541 437 3630 potius
451 3537 641 3628 quibusnam
652 3537 745 3606 rebus
759 3539 870 3605 creatis
885 3538 1032 3604 Pleroma
1048 3537 1220 3626 figuratum

148 3651 270 3718 dicant:
294 3645 411 3714 tetrada
434 3669 548 3735 nempe
566 3662 700 3734 quatuor
715 3645 878 3711 elementis
894 3642 1007 3733 quibus
1022 3648 1220 3733 operationes

150 3761 174 3824 si
198 3759 312 3844 iungas
340 3753 451 3845 (calor,
477 3752 585 3841 frigus,
609 3751 736 3833 humor,
759 3750 900 3841 ariditas)
923 3749 1081 3839 ogdoada;
1104 3750 1220 3820 decada

148 3865 259 3931 decem
276 3861 373 3928 coelis
395 3856 575 3927 duodecada
590 3857 719 3925 zodiaco
737 3862 796 3923 διε.
842 3857 961 3924 XVIII.
981 3859 1221 3924 Demonstratio

149 3969 343 4060 scripturalis
371 3990 388 4033 a
420 3966 587 4034 Marcosiis
617 3964 758 4032 ducitur:
789 3963 826 4056 a)
850 3988 887 4030 ex
920 3965 961 4030 V.
998 3964 1040 4030 T.
1073 3965 1220 4054 (XVIII-

148 4075 262 4168 XIX);
288 4074 323 4164 b)
341 4097 380 4140 ex
402 4073 444 4142 N.
477 4071 520 4139 T.
544 4069 597 4138 ubi
624 4071 803 4160 apocrypha
834 4072 969 4138 miscent
993 4070 1085 4161 (XX,
1112 4071 1219 4162 XXI).

149 4183 303 4252 Doctrina
332 4179 571 4268 Redemptionis
592 4177 805 4247 diversimode
828 4179 1004 4266 exponitur,
1028 4193 1059 4244 at
1077 4178 1221 4267 practicis
