3274 5100
228 493 402 565 (xV,1-3).]
623 497 712 544 tmen
736 497 899 542 secuauus
1232 494 1288 559 351

228 690 326 770 latur;
350 712 553 778 perseverans
577 709 680 758 autem
701 707 731 757 et
754 707 854 769 aucta,
873 706 903 756 et
923 691 1102 756 universam
1124 687 1296 776 apprehen-

227 794 303 862 dens
339 797 488 876 animam,
522 796 788 884 enthymesis
815 812 955 862 vocatur.
1003 796 1087 861 Haec
1111 811 1216 861 autem
1241 818 1296 860 en-

227 902 382 989 thymesis
416 903 553 969 multum
588 905 741 992 temporis
777 901 892 970 iaciens
923 903 955 968 in
993 902 1116 983 eodem,
1146 919 1176 967 et
1209 902 1294 968 velut

228 1008 365 1098 probata,
389 1013 572 1078 sensatio
595 1013 787 1078 nominatur.
839 1011 925 1077 Haec
956 1027 1062 1076 autem
1093 1010 1231 1076 sensatio
1261 1011 1294 1075 in

229 1117 364 1182 multum
388 1114 523 1197 dilatata,
541 1115 759 1183 consilium
777 1115 855 1182 facta
875 1133 938 1196 est;
963 1132 1169 1203 augmentum
1188 1133 1292 1181 autem

227 1238 257 1288 et
281 1238 387 1288 motus
422 1225 455 1289 in
490 1224 625 1289 multum
648 1223 792 1290 dilatatus
816 1222 949 1303 consilii,
973 1223 1173 1309 cogitationis
1203 1245 1295 1288 exa-

228 1329 413 1396 minatio:
437 1353 515 1418 quae
538 1331 634 1397 etiam
654 1331 686 1396 in
711 1345 816 1396 mente
850 1351 1104 1417 perseverans
1132 1326 1292 1395 verbum

227 1437 401 1502 rectissime
439 1435 655 1524 appellabitur3
689 1461 728 1502 ex
760 1458 824 1525 quo
861 1434 1103 1502 emissibilis
1141 1435 1293 1502 emittitur

227 1541 413 1608 verbum.
461 1543 570 1609 Unum
606 1562 711 1610 autem
740 1560 769 1609 et
793 1542 877 1610 idem
902 1560 949 1608 est
972 1543 1080 1608 omnia
1103 1566 1182 1632 quae
1205 1565 1293 1631 prae-

226 1648 410 1732 dictasunt,
433 1674 450 1716 a
473 1651 525 1718 No
550 1651 673 1716 initium
694 1650 884 1737 accipientia,
903 1665 933 1715 et
950 1648 1123 1715 secundum
1141 1672 1293 1737 augmen-

225 1773 293 1822 tum
317 1759 508 1823 assumentia
532 1758 762 1846 appellationes
810 1754 1096 1838 Quemadmodum
1123 1772 1154 1822 et
1177 1777 1291 1844 corpus

227 1861 375 1942 hominis,
399 1860 564 1953 aliquando
580 1863 707 1951 quidem
725 1863 898 1944 novellum,
919 1861 1085 1952 aliquando
1101 1861 1227 1950 quidem
1245 1864 1293 1927 ri-

226 1969 292 2051 rile,
316 1968 481 2057 aliquando
505 1986 609 2036 autem
634 1971 742 2051 senile,
766 1969 939 2036 secundum
954 1985 1161 2058 augmentum
1176 1985 1206 2034 et
1223 1991 1293 2056 per-

226 2077 433 2142 severantiam
456 2079 574 2165 accepit
604 2076 835 2164 appellationes,
855 2075 908 2144 sed
933 2097 998 2142 non
1021 2074 1194 2144 secundum
1219 2078 1292 2141 sub-

225 2184 354 2248 stantiae
377 2181 637 2264 demutationem,
661 2205 761 2270 neque
785 2180 958 2249 secundum
982 2183 1124 2269 corporis
1147 2183 1292 2248 amissio-

226 2313 313 2355 nem:
338 2291 382 2355 sic
402 2307 432 2356 et
447 2290 508 2356 illa.
555 2290 604 2356 De
620 2312 683 2376 quo
703 2291 786 2355 enim
806 2291 876 2377 quis
891 2289 1129 2377 contemplatur,
1153 2287 1192 2356 de
1207 2312 1246 2354 eo
1261 2307 1290 2354 et

225 2397 357 2484 cogitat:
382 2413 412 2461 et
431 2395 469 2462 de
492 2419 555 2484 qno
578 2397 704 2484 cogitat,
727 2395 765 2463 de
790 2395 849 2462 hoc
872 2414 903 2463 et
926 2397 1021 2484 sapit:
1045 2395 1084 2463 de
1102 2418 1166 2483 quo
1185 2413 1290 2461 autem

225 2521 254 2569 et
278 2504 365 2590 sapit,
389 2502 427 2569 de
451 2504 511 2570 hoc
534 2520 565 2570 et
588 2504 789 2570 consiliatur:
814 2520 844 2570 et
867 2503 950 2592 quod
967 2504 1159 2585 consiliatur,
1183 2503 1243 2570 hoc
1259 2521 1290 2569 et

224 2609 332 2674 animo
365 2625 488 2676 tractat:
524 2625 553 2675 et
585 2609 670 2696 quod
706 2611 813 2676 animo
844 2627 964 2689 tractat,
989 2610 1049 2677 hoc
1080 2627 1109 2676 et
1141 2611 1288 2698 loquitur.

223 2715 307 2782 Haec
332 2733 436 2782 autem
460 2718 579 2798 omnia,
595 2716 865 2804 quemadmodum
880 2715 1027 2798 diximus,
1042 2717 1112 2782 Nus
1127 2716 1289 2804 gubernat,

224 2845 322 2910 quum
346 2823 386 2888 sit
409 2824 475 2911 ipse
499 2821 673 2896 invisibilis,
698 2840 727 2889 et
752 2846 769 2888 a
793 2824 962 2910 semetipso
986 2845 1041 2911 per
1055 2847 1090 2889 ea
1106 2846 1184 2912 quae
1203 2846 1291 2910 prae-

223 2927 304 2994 dicta
328 2946 411 3008 sunt,
431 2930 511 2995 sicut
527 2951 582 3017 per
600 2928 733 3008 radium,
750 2931 896 2995 emittens
913 2928 1057 3009 verbum,
1073 2929 1127 2996 sed
1143 2951 1207 2995 non
1224 2931 1289 3017 ipse

224 3033 261 3100 ab
285 3035 346 3101 alio
370 3035 566 3102 emittitur.<¹l

292 3163 320 3227 3.
345 3142 383 3208 Et
406 3141 482 3208 haec
505 3141 633 3230 quidem
652 3145 684 3210 in
708 3141 889 3209 hominibus
913 3145 993 3230 capit
1016 3141 1088 3224 dici,
1104 3166 1204 3232 quum
1228 3146 1289 3211 sint

223 3249 391 3336 compositi
414 3265 533 3332 natura,
558 3267 587 3316 et
611 3273 648 3316 ex
672 3273 803 3337 corpore
818 3267 847 3315 et
871 3250 974 3316 anima
999 3250 1215 3316 subsistentes:
1235 3254 1289 3339 qui

222 3373 326 3422 autem
349 3355 455 3423 dicunt
474 3381 511 3423 ex
535 3357 606 3423 Deo
639 3359 789 3424 emissam
812 3380 881 3423 esse
904 3357 1078 3438 Ennoeam‚
1105 3375 1136 3424 et
1165 3381 1203 3423 ex
1227 3359 1290 3424 En-

222 3487 300 3530 noea
319 3465 407 3547 Nun,
430 3465 575 3553 deinceps
599 3488 636 3531 ex
660 3466 708 3532 his
732 3466 855 3554 Logon,
875 3467 979 3554 primo
995 3462 1122 3554 quidem
1138 3467 1285 3554 arguendi

222 3651 278 3693 ctus
292 3653 330 3693 est
345 3641 399 3711 ipsa
413 3641 543 3694 sententia
555 3642 651 3694 mentis
661 3659 728 3712 quae

222 3735 350 3793 quatenus
373 3724 400 3775 in
423 3737 521 3790 mente,
537 3725 580 3777 ubi
601 3737 728 3796 concepta

222 3819 269 3872 est,
288 3821 447 3878 perseverat,
466 3811 547 3876 λόγος
572 3812 728 3873 ἐνδιάθετος

222 3903 273 3956 est;
293 3893 481 3963 quandovero
500 3895 550 3947 hoc
569 3907 727 3964 conceptum

221 3977 331 4029 verbum
350 3993 364 4029 a
384 3988 473 4031 mente
497 3978 569 4031 velut
593 3990 728 4048 separatur

221 4073 247 4113 et
265 4061 404 4124 emittitur,
417 4064 498 4128 λόγος
511 4066 673 4130 προφορικός
688 4063 726 4115 di·

220 4145 295 4200 citur.
332 4145 386 4198 Csr.
405 4147 552 4216 generatim
566 4147 598 4200 de
614 4148 726 4219 psycho-

220 4229 290 4298 logia
317 4229 417 4282 lrenaei
443 4231 634 4294 Boeuaruoen,
659 4249 683 4284 0.
704 4250 725 4285 c.

782 3658 807 3711 p.
820 3641 886 3705 4663
899 3641 1018 3694 waram.
1038 3639 1073 3693 D.
1091 3639 1193 3694 Clarisll.
1211 3641 1288 3694 Lelnt’

781 3743 806 3778 v.
825 3725 849 3777 d.
869 3724 985 3778 mensclrl.
1011 3724 1168 3778 Wolllomm.
1183 3726 1288 3792 (1882),

782 3827 806 3881 p.
827 3825 868 3862 20.
906 3809 974 3862 Vide
993 3809 1074 3862 etiam
1090 3808 1157 3862 infra
1174 3809 1221 3862 sub
1233 3810 1288 3862 exi·

782 3905 839 3947 tum
858 3893 936 3947 huius
955 3893 978 3962 5.

817 3979 860 4046 (1)
879 3979 938 4048 lpse
956 3978 1012 4032 Nus
1035 3995 1080 4048 per
1103 3977 1172 4032 hanc
1194 3979 1287 4048 grada-

781 4063 883 4116 tionem
902 4063 1012 4116 verbum
1030 4063 1143 4128 emittit;
1167 4065 1212 4116 sed
1233 4064 1287 4132 ipse

781 4148 867 4201 emitti
891 4149 982 4218 nequit
1001 4165 1081 4218 quum
1107 4149 1140 4201 sit
1165 4147 1191 4200 id
1216 4149 1286 4218 quod

782 4233 900 4285 intimius
920 4245 958 4285 est
979 4235 1005 4284 in
1025 4233 1142 4286 homine.

921 4409 931 4434 t
