3172 5044
315 439 352 486 10
730 435 970 486 PROLEGOMENA

306 629 501 714 excessiva
528 639 668 712 etenim
696 638 851 736 sequela
879 637 916 712 in
945 655 1104 736 utraque
1131 641 1374 736 acceptione;

306 789 448 846 verum,-
478 762 520 848 si,
559 763 661 859 quod
691 763 815 836 multis
850 763 963 837 hodie
991 763 1123 861 placet,
1162 764 1207 836 lr.
1247 781 1375 838 natum

306 915 338 962 a.
373 910 552 982 125-135
584 904 716 985 putare
745 888 845 973 velis,
887 888 1026 962 nullum
1063 890 1200 962 invicti
1231 890 1376 962 roboris

305 1026 570 1110 argumentum
598 1011 677 1093 erit,
710 1037 785 1108 quo
816 1013 863 1085 ab
893 1013 963 1086 hac
982 1011 1161 1109 opinione
1180 1013 1375 1087 discedere

307 1135 505 1236 cogaris.<¹>
545 1138 655 1210 Hanc
670 1136 786 1235 igitur
800 1136 961 1211 mediam
977 1137 1201 1211 sententiam
1217 1137 1376 1212 libenter

307 1262 579 1359 amplectimur.

389 1387 542 1481 Quanto
571 1402 741 1484 tempore
762 1389 797 1460 in
824 1387 918 1461 Asia
939 1404 1105 1461 moratus
1130 1388 1177 1460 sit
1197 1387 1241 1461 lr.
1265 1387 1375 1461 certis

307 1512 541 1586 documentis
556 1511 703 1585 ostendi
720 1513 866 1608 nequit:
890 1513 1061 1586 novimus
1075 1512 1227 1610 quidem
1242 1537 1290 1586 ex
1305 1514 1374 1584 Ar·

308 1637 406 1710 meni
421 1636 556 1709 Sebaei
578 1638 633 1733 (vr
653 1640 770 1735 saec.)
787 1637 1002 1711 testimonio
1022 1638 1134 1712 etiam
1156 1636 1374 1711 Laodiciam

307 1763 343 1834 in
373 1761 538 1860 Phrygia
566 1760 687 1858 ipsum
716 1761 986 1836 conlustrasse:
1003 1758 1038 1813 (²)
1064 1787 1192 1836 verum
1223 1763 1375 1858 quando

307 1903 345 1960 et
358 1911 554 1984 quousque
567 1886 764 1960 nescimus.
815 1887 991 1961 Fortasse
1017 1887 1108 1984 quid
1128 1887 1281 1960 maioris
1300 1911 1375 1959 cer-

306 2009 474 2084 titudinis
501 2009 633 2084 afferat
668 2010 858 2108 appendix
892 2011 1058 2107 martyrii
1097 2012 1292 2107 Polycarpi
1327 2037 1374 2084 ex

307 2133 389 2206 cod.
420 2134 588 2206 Moscov.
618 2139 689 2206 160
719 2135 849 2230 (hodie
876 2137 966 2232 159)
987 2135 1128 2207 docens
1159 2135 1201 2206 lr.
1229 2135 1375 2206 Romae

308 2257 420 2330 fuisse
443 2259 578 2331 eodem
598 2283 697 2331 anno
717 2284 792 2356 quo
821 2258 1050 2356 Polycarpus
1079 2257 1297 2354 martyrium
1317 2283 1375 2330 su-

306 2382 390 2455 biit:
402 2378 437 2432 (³)
451 2383 622 2479 quamvis
641 2384 740 2457 enim
759 2383 918 2458 libenter
936 2383 1188 2458 concedamus
1207 2384 1306 2458 illam
1325 2407 1374 2457 ex

377 2551 421 2619 (1)
439 2551 479 2604 De
498 2564 567 2606 statu
586 2565 644 2606 -ut
663 2552 737 2606 aiunt
749 2585 767 2593 -
785 2554 947 2624 quaestionis
965 2571 1048 2625 pauca
1067 2554 1233 2607 adnotamus.
1270 2552 1374 2606 Primus

307 2637 383 2688 Zarin
402 2635 519 2705 (Forsrh.
535 2636 571 2689 IV
584 2650 610 2690 et
622 2637 653 2700 V,
666 2649 693 2689 et
707 2638 734 2690 in
754 2637 865 2691 Realcnc.
885 2639 901 2690 l.
916 2639 952 2706 c.)
971 2639 998 2690 in
1011 2655 1112 2691 novum
1125 2637 1240 2690 stadium
1259 2653 1316 2690 rem
1334 2636 1374 2688 in·

306 2719 388 2784 vexit,
406 2719 470 2772 dum
488 2721 642 2789 praesertim
662 2737 694 2773 ex
708 2721 724 2773 l.
741 2737 762 2774 c.
776 2721 820 2774 ubi
836 2721 868 2774 de
881 2719 995 2791 Apocal,
1008 2737 1040 2774 ex
1056 2719 1109 2773 fine
1126 2722 1195 2791 epist.
1214 2719 1248 2772 od
1266 2719 1374 2781 Floria,

305 2817 338 2854 ex
357 2803 529 2874 chronologia
555 2803 656 2856 itineris
675 2803 805 2856 Antonini
825 2815 851 2857 et
871 2804 1016 2876 presbyter.
1042 2803 1131 2868 Asiae,
1150 2821 1183 2857 ex
1206 2803 1316 2874 append.
1341 2802 1374 2854 ad

306 2897 416 2957 martyr.
432 2886 512 2940 Polic.
533 2887 578 2956 [de
596 2904 647 2958 qua
667 2888 742 2957 mox]
763 2905 862 2941 annum
881 2899 955 2940 ortus
973 2888 1075 2942 dixerat
1095 2906 1117 2942 c.
1130 2905 1154 2943 a.
1178 2901 1240 2954 115;
1259 2888 1375 2940 baccar·

305 2982 432 3040 gumenta
455 2972 604 3025 convellere
623 2985 733 3024 conatus
752 2983 791 3025 est
810 2971 948 3024 Hanunea
968 2972 1100 3041 (Clironol.
1121 2972 1142 3036 l,
1164 2987 1211 3042 323
1232 2973 1310 3043 sqq.),
1329 2971 1374 3042 qui

305 3054 390 3106 immo
408 3071 440 3106 cx
459 3055 534 3125 epist.
554 3055 587 3108 ad
606 3054 704 3109 Florin.
720 3069 799 3126 atque
818 3073 850 3109 ex
869 3055 1043 3127 chronologia
1062 3055 1139 3108 huius
1158 3057 1245 3126 lapsus
1265 3055 1293 3108 in
1312 3055 1374 3106 hae-

307 3139 385 3192 resim
405 3140 439 3209 [ε.
453 3157 475 3192 a.
497 3141 573 3210 190?]
594 3140 682 3195 docuit
703 3141 734 3195 Ir.
755 3141 862 3194 nonnisi
875 3152 933 3212 post
947 3159 970 3194 a.
989 3155 1040 3210 130
1055 3153 1080 3194 et
1099 3141 1206 3211 quidem
1222 3157 1299 3211 aegre
1312 3151 1373 3192 ante

306 3242 329 3278 a.
352 3237 473 3291 135-142
494 3225 566 3277 nasci
585 3227 708 3296 potuisse.
746 3226 823 3278 Hunc
839 3237 984 3296 sequuntur
1003 3242 1035 3278 ex
1054 3225 1152 3278 nostris
1170 3225 1373 3289 Bardenhewer,

306 3307 426 3361 Ehrhard
441 3309 549 3379 aliique:
569 3323 726 3380 argumenta
738 3322 828 3363 tamen
842 3310 985 3380 proposita,
1004 3310 1099 3362 saltem
1118 3310 1160 3362 ubi
1180 3309 1319 3362 ostendere
1334 3309 1373 3361 ni·

306 3393 369 3444 titur
379 3391 412 3444 lr.
431 3403 519 3446 ortum
532 3411 587 3446 non
600 3411 656 3448 esse
672 3406 734 3447 ante
744 3412 767 3447 a.
781 3395 933 3462 130‚.solide
947 3393 1084 3447 confutant
1095 3394 1171 3446 Zarin
1186 3393 1300 3464 (Forsch.
1315 3392 1373 3460 Vl),

306 3477 441 3541 Consssu,
452 3475 647 3542 vanrv1v;ex
658 3479 755 3531 nostris
765 3495 829 3532 vero
835 3478 988 3548 praesertim
1003 3478 1136 3530 Lnaounr
1145 3477 1219 3545 (Rev.
1226 3477 1282 3529 bibl.
1293 3477 1371 3547 1898)

306 3571 332 3612 et
354 3558 487 3629 GuTJaun
506 3559 756 3632 (Glaubwrtrdiglvit
771 3575 830 3628 etc,
856 3565 941 3632 1904).
980 3560 1034 3613 Cir.
1054 3559 1120 3614 infra
1140 3578 1165 3631 p.
1185 3576 1218 3629 27
1237 3572 1293 3613 not.

378 3645 419 3711 (2)
439 3643 632 3697 Hunscunauu
646 3645 714 3715 apud
730 3645 876 3709 Hanunea,
891 3646 997 3698 Parrum
1013 3643 1100 3715 Apost.
1115 3642 1208 3715 Opera,
1224 3643 1261 3708 12,
1275 3657 1299 3708 2,
1315 3658 1372 3697 101.

377 3727 419 3794 (3)
438 3727 514 3780 Hanc
533 3729 644 3798 append.
665 3729 764 3798 primus
783 3730 918 3799 evulgavit
931 3747 956 3781 v.
969 3728 1122 3781 Geuunnur
1135 3728 1162 3780 in
1174 3727 1270 3780 Ztsclvr.
1279 3727 1302 3797 f.
1316 3727 1372 3780 hist.

310 3809 392 3862 Uveol.
405 3828 427 3864 a.
444 3811 519 3878 1875,
532 3828 556 3881 p.
573 3809 638 3878 362:
651 3813 802 3882 nuperrime
813 3829 846 3865 ex
860 3813 1059 3883 comparatione
1069 3829 1130 3864 cum
1144 3811 1293 3874 conparis,
1307 3825 1372 3878 1452

304 3895 421 3965 spuriam
434 3897 549 3949 ostendit
562 3897 751 3962 Huoeufstu,
764 3897 845 3950 Ztsclr.
855 3898 878 3968 s.
894 3900 962 3950 wiss.
983 3897 1064 3950 Theol.
1078 3915 1101 3951 a.
1119 3911 1183 3968 1905
1196 3908 1216 3962 ²,
1232 3916 1256 3968 p.
1269 3911 1320 3966 447
1334 3914 1372 3968 sq.

304 3978 459 4032 Abiicienda
478 3981 573 4034 saltem
592 3982 715 4034 videntur
733 3999 800 4052 quae
816 3982 848 4034 de
866 3982 1021 4052 magisterio
1034 3983 1067 4035 lr.
1082 3982 1110 4034 in
1125 3981 1197 4035 Urbe
1216 4000 1246 4035 ac
1259 3983 1291 4035 de
1306 3981 1374 4034 mul-

303 4073 392 4116 torum
411 4066 583 4118 conversione
603 4065 666 4118 inibi
686 4067 822 4132 docentur,
842 4083 908 4137 quae
927 4065 1066 4120 efformata
1086 4067 1210 4120 videntur
1228 4083 1306 4138 super
1329 4066 1373 4119 illa

304 4164 371 4218 quae
390 4148 422 4200 lr.
442 4149 474 4202 de
493 4149 641 4221 Polycarpo
659 4151 739 4203 tradit
758 4149 817 4218 (ΙΙΙ,
836 4165 858 4219 3,
877 4153 915 4219 4).
