3230 5062
170 472 341 544 (1,15-16).]
599 476 688 523 cruere
711 477 826 524 narnus
1177 478 1233 543 131

169 671 322 750 liberavit,
334 688 448 758 typum
462 693 530 736 esse
545 688 670 737 narrant
681 670 873 751 Achamoth,
880 694 976 760 quam
992 689 1138 739 extensus
1148 671 1242 740 Chri·
1344 759 1349 764 ᾖ

171 795 236 843 stus
252 799 365 843 eorum
386 775 542 864 figuravit,
561 792 592 843 et
611 775 648 843 ad
665 776 901 845 sensibilitatem
919 776 1045 844 adduxit
1063 779 1141 857 eius,
1155 777 1239 866 quod

169 882 375 972 dereliquerat
386 906 468 965 earn,
481 883 657 951 lominich)
695 883 859 964 Quoniam
873 899 977 950 autem
990 884 1019 950 ei
1031 883 1241 950 manifestavit

170 991 376 1078 semetipsum
397 989 551 1071 Salvator,
567 991 728 1056 exsistenti
750 1006 836 1055 extra
852 989 998 1056 Pleroma
1017 992 1049 1057 in
1068 987 1240 1057 abortionis

171 1115 268 1186 parte,
281 1096 414 1163 Paulum
427 1095 534 1164 dicunt
552 1096 667 1163 dixisse
682 1097 715 1162 in
727 1096 827 1183 prima
839 1095 877 1162 ad
896 1095 1080 1162 Corinthios
1095 1095 1240 1184 epistola:

173 1231 188 1266 «
203 1204 390 1270 Novissime
401 1219 507 1269 autem
526 1219 687 1290 tamquam
706 1201 849 1269 abortivo
865 1204 952 1268 visus
968 1219 1015 1269 est
1029 1218 1061 1268 et
1079 1202 1157 1269 mihi
1173 1204 1242 1267 ».(²)

171 1311 211 1376 Et
233 1309 320 1376 illam
340 1332 420 1397 quae
444 1324 490 1375 est
513 1332 586 1375 cum
607 1309 781 1376 coaetaneis
801 1309 970 1376 Salvatoris
989 1308 1241 1376 adventationem

171 1415 209 1484 ad
234 1415 426 1495 Achamoth,
443 1416 586 1483 similiter
605 1414 821 1484 manifestasse
836 1439 909 1482 eum
928 1417 961 1483 in
980 1415 1089 1484 eadem
1113 1416 1242 1504 epistola

170 1523 347 1590 dicentem:
366 1551 382 1586 ιι
395 1523 554 1611 Oportere
563 1522 729 1589 mulierem
739 1523 884 1590 velamen
894 1523 1007 1590 habere
1018 1525 1051 1591 in
1063 1525 1162 1612 capite
1170 1546 1243 1611 pro-

178 1657 193 1691 α
206 1649 274 1717 pter
286 1629 414 1718 angelos
426 1629 489 1694 νβ)
525 1630 565 1698 Et
578 1631 729 1718 quoniam
741 1629 927 1697 adventante
939 1631 1099 1698 Salvatore
1111 1630 1148 1699 ad
1160 1653 1242 1711 eam,

173 1753 300 1824 propter
315 1734 537 1803 verecundiam
556 1735 701 1804 velamen
724 1738 875 1825 imposuit
892 1736 1072 1804 Achamoth
1095 1737 1243 1824 [Moysen

174 1840 285 1908 fecisse
299 1840 502 1908 manifestum
513 1842 591 1910 dum
603 1843 748 1909 velamen
759 1842 962 1934 imposuit](4)
972 1845 1005 1909 in
1017 1842 1129 1910 faciem
1142 1865 1242 1909 suam.

173 1948 214 2014 Et
228 1950 391 2035 passiones
407 1966 524 2028 autern,
543 1971 620 2037 quas
635 1971 725 2038 passa
740 1965 797 2029 est,
811 1949 1003 2038 significasse
1022 1950 1182 2016 Dominus
1196 1948 1244 2016 di-

173 2071 264 2120 cunt:
289 2055 321 2119 in
345 2052 405 2119 hoc
428 2052 567 2142 quidem,
585 2053 683 2141 (quod
702 2053 846 2122 derelicta
865 2071 911 2120 est
930 2078 947 2120 a
965 2055 1099 2133 lumine;
1124 2055 1157 2120 in
1180 2060 1243 2140 eo),

172 2249 211 2312 ὲκ
233 2255 348 2332 νεκρῶν
371 2249 500 2333 ῆγειρεν,
523 2247 616 2312 τὺπον
645 2249 718 2312 είναι
748 2249 917 2335 διηγοῦνται
939 2260 992 2335 τῆς
1010 2249 1177 2335 Ἀχαμιθθ,
1207 2250 1245 2335 ἣν

173 2355 357 2430 enecuere
372 2354 389 2417 ὁ
407 2353 538 2438 Χριστὸς
560 2356 657 2419 αὐτῶν
671 2355 855 2441 ἐμόρφωσεν,
869 2359 922 2420 καί
936 2357 978 2434 είς
992 2357 1133 2442 αἴσθησιν
1146 2359 1243 2442 ῆγαγε

172 2472 228 2526 τοῦ
250 2458 468 2538 καταλιπόντος
491 2463 582 2546 αὐτὴν
600 2462 708 2546 φωτός.
753 2461 822 2528 Ὅτι
837 2465 871 2528 δὲ
886 2466 962 2548 αὐτῆ
976 2463 1124 2549 ἐπέραινεν
1138 2463 1244 2528 ἑαυτὸν

173 2570 191 2632 ὁ
216 2568 324 2652 Σωτὴρ
355 2569 442 2644 ἐκτὸς
472 2571 549 2653 οὔσῃ
570 2577 624 2633 τοῦ
647 2568 862 2655 Πληριθματος,
883 2571 915 2635 ἐν
933 2571 1123 2658 ἐκτρώματος
1145 2571 1243 2656 μοίρᾳ,

173 2679 226 2740 τὸν
250 2675 373 2740 Παῦλον
396 2675 537 2762 λέγουσιν
559 2675 710 2759 εἰρηκέναι
732 2677 765 2740 ἐν
787 2687 826 2762 τῆ
844 2678 946 2762 πρώτῃ
960 2681 1034 2764 πρὸς
1048 2677 1243 2763 Κορινθίους·

178 2807 194 2842 n
209 2780 368 2866 Ἔσχατον
390 2782 424 2845 δὲ
447 2780 574 2864 πάντων,
598 2781 728 2867 ὡσπερεὶ
746 2790 788 2866 τῷ
806 2782 984 2868 ἐκτρώματι,
1000 2784 1090 2868 ὤφθη
1106 2782 1199 2867 κᾴμοί
1215 2807 1243 2846 ν.

176 2887 243 2970 Τι’,ν
266 2909 300 2951 τε
323 2890 399 2971 μετὰ
422 2897 478 2952 τῶν
501 2889 666 2972 ἡλικιωτῶν
689 2898 742 2953 τοῦ
765 2889 905 2975 Σωτῆρος
922 2890 1090 2975 παρουσίαν
1104 2893 1177 2975 πρὸς
1192 2893 1245 2974 τῆν

176 2992 347 3080 Ἀχαμὼθ,
372 2993 480 3078 ὁμοίως
501 2995 754 3080 περανερωκὲναιΙ
769 2998 857 3060 αὐτὸν
876 2997 908 3060 ἐν
931 3007 968 3080 τῆ
992 2999 1069 3081 αὐτῆ
1091 2991 1244 3081 ἐπιστολῇ,

176 3103 320 3166 εἰπόντα·
350 3103 435 3166 «Δεῖ
453 3105 506 3186 τῆν
530 3113 667 3188 γυναῖκα,
683 3103 831 3188 κάλυμμα
854 3106 936 3189 ἔχειν
959 3105 1009 3168 ἐπὶ
1030 3114 1083 3189 τῆς
1111 3103 1246 3189 κεφαλῆς

183 3209 261 3271 «διὰ
283 3212 352 3285 τοὺς
374 3207 523 3294 ἀγγέλους
534 3233 565 3273 ν.
613 3209 676 3273 Καί
698 3212 743 3273 ὅτι
773 3212 898 3294 ἥκοντος
927 3219 979 3274 τοῦ
1010 3210 1151 3296 Σωτῆρος
1173 3213 1246 3294 πρὸς

177 3317 283 3400 αὐτὴν,
307 3314 345 3378 θ’
356 3315 430 3380 αἰδῶ
447 3315 594 3400 κάλυμμα
612 3315 777 3401 ἐπέθετοὴ
794 3315 961 3402 Ἀχαμὼθ,
977 3317 1111 3382 Μωυσέα
1125 3339 1246 3402 πεποιῆ-

178 3423 266 3486 κὲναι
284 3425 421 3506 φανερὸν,
440 3421 587 3506 κάλυμμα
601 3421 732 3507 θέμενον
748 3424 797 3488 ἐπὶ
811 3426 846 3487 τὸ
861 3425 1020 3508 πρόσωπον
1036 3427 1137 3490 αὑτοῦ.
1184 3424 1246 3489 Καὶ

179 3531 218 3593 τίι
248 3528 335 3613 πάθη
362 3529 395 3592 δὲ
421 3529 523 3612 αὐτῆς,
550 3531 571 3592 ἃ
597 3530 723 3611 ἔπαθεν,
750 3530 1029 3616 ἐπιοεσῆμειωσθαι
1057 3535 1107 3596 τὸν
1136 3530 1247 3617 Κύριον
1345 3596 1348 3602 ,

215 3703 259 3770 (ι)
278 3701 319 3755 De
337 3702 378 3755 his
397 3713 422 3756 et
443 3718 513 3773 seqq.
533 3701 579 3755 clr.
599 3700 645 3765 IV,
668 3719 690 3768 1,
745 3704 788 3758 ubi
805 3721 852 3774 pro
873 3706 1000 3771 κάλυμμα
1024 3703 1119 3774 legitur
1143 3706 1249 3765 ἐξουσία

179 3805 205 3858 p.
225 3803 259 3858 97
279 3804 317 3858 sq.
744 3801 772 3842 ut
786 3789 813 3840 in
826 3789 897 3860 vulg.
908 3787 992 3842 Vetus
1005 3789 1067 3841 itala
1080 3788 1192 3841 habebat
1203 3805 1249 3840 πε-

217 3873 260 3941 (2)
278 3871 332 3925 Cfr.
351 3871 363 3924 l
383 3869 443 3926 Cor.
463 3870 524 3936 XV,
543 3869 573 3926 6:
593 3872 690 3943 pretio-
744 3873 889 3943 ριβόλαιον;
903 3872 973 3926 idem
984 3872 1011 3924 in
1022 3889 1091 3926 vers.
1106 3889 1158 3942 syr.
1195 3870 1248 3923 Cfr.

180 3975 241 4012 sum
260 3959 351 4028 πρώτῆ
367 3958 453 4011 latens
468 3958 496 4010 in
511 3973 565 4028 seq.
578 3961 651 4024 πρὸς,
663 3957 690 4010 in
744 3957 975 4010 Commentatores
993 3955 1068 4009 Pauli
1087 3955 1115 4008 in
1133 3955 1159 4007 h.
1178 3955 1196 4011 l.

180 4042 283 4113 graecis
311 4052 410 4094 auctor.
436 4042 494 4094 cod.
519 4039 588 4096 Ven.
616 4041 690 4094 resti·
779 4043 821 4109 (4)
841 4041 947 4095 Lacuna
962 4042 1027 4094 haec
1047 4039 1118 4111 (orta
1137 4055 1170 4092 err
1187 4041 1249 4106 ὀμο-

181 4125 232 4179 ιυίι
255 4124 377 4179 Dindors.
415 4125 470 4178 Cir.
485 4137 511 4178 et
528 4143 553 4196 p.
566 4125 609 4192 83,
622 4143 649 4178 n.
665 4141 688 4178 r.
744 4126 904 4192 τελευταίᾳ),
923 4123 999 4178 facile
1019 4141 1051 4176 ex
1067 4123 1168 4194 graecis
1188 4139 1248 4192 sup-

217 4209 261 4278 (3)
272 4209 393 4274 lbid.Xl‚
405 4223 443 4263 ιο.
469 4209 532 4262 Exc.
548 4208 636 4262 Theod.
647 4223 691 4275 44,
745 4208 950 4278 pletum—Cir.
964 4208 1013 4262 Ex.
1029 4205 1154 4270 XXXIV,
1169 4221 1210 4278 29.
