3274 5100
214 420 324 530 (XVllL
347 465 430 534 3-4).]

612 465 702 512 LIBER
724 463 889 511 SECUNDUS

1221 446 1280 530 365

214 661 378 726 materiam
389 658 474 742 dicit,
487 676 516 726 et
529 659 719 746 exemplum,
733 676 763 725 et
775 660 891 726 Deum.
939 660 1033 741 Quos
1045 659 1096 727 isti
1108 675 1283 748 sequentes,

214 765 329 854 figuras
346 766 428 832 illius
441 781 471 832 et
484 766 663 855 exemplum
679 767 833 854 imagines
845 789 956 833 eorum
969 789 1048 854 quae
1061 781 1133 831 sunt
1146 787 1283 845 sursum,

213 890 415 954 rocaverunt,
444 895 498 959 per
521 871 769 940 demutationem
798 875 936 939 nominis
964 873 1151 959 semetipsos
1175 873 1284 938 inven-

213 997 297 1046 tores
317 997 347 1046 et
367 979 499 1047 factores
523 978 705 1046 huiusmodi
729 980 930 1067 imaginariae
948 977 1084 1046 fictionis
1103 979 1282 1066 gloriantes,

279 1111 309 1171 4.
334 1087 372 1152 Et
395 1086 455 1153 hoc
479 1104 584 1154 autern
608 1085 691 1174 quod
716 1109 754 1151 ex
778 1083 914 1153 subiecta
947 1088 1077 1152 materia
1099 1086 1207 1153 dicunt
1240 1085 1284 1151 fa-

213 1191 400 1259 bricatorem
424 1193 533 1260 fecisse
558 1192 725 1273 mundum,
745 1207 775 1258 et
794 1194 1007 1280 Anaxagoras,
1017 1193 1051 1245 (¹)
1073 1208 1104 1258 et
1126 1191 1285 1280 Empedo-

213 1299 286 1373 cles,
297 1301 331 1354 (²)
353 1316 383 1365 et
407 1299 495 1366 Plato
507 1299 540 1352 (³)
570 1300 663 1386 primi
695 1315 765 1364 ante
799 1297 857 1364 hos
880 1297 1044 1379 dixerunt3
1075 1314 1109 1365 ut
1140 1296 1284 1365 videlicet

216 1512 326 1548 «return
355 1495 406 1547 tria
433 1495 607 1548 arbitrabatur
635 1495 719 1558 Plato,

216 1599 229 1626 ν
240 1579 326 1631 Deum
337 1591 362 1631 et
372 1580 513 1632 materiam
522 1595 660 1648 rerumque
668 1577 719 1630 sor-

217 1684 229 1711 «
241 1680 298 1714 mas
312 1679 375 1733 quas
386 1666 458 1725 ῖδὲας
469 1675 554 1714 vocat.
564 1681 589 1725 »3
602 1663 668 1714 Αετ.
680 1661 719 1714 Dr

209 1747 277 1816 plur.
299 1745 319 1810 l,
351 1761 397 1810 103
425 1747 528 1798 lus'rlu.
559 1745 659 1798 Colrorl.
689 1743 718 1798 6:

214 1833 358 1894 Πλάτωνος
376 1835 444 1900 τρεῖς
463 1834 548 1898 ἀρχὰς
563 1838 609 1883 τοῦ
622 1834 719 1895 παντὸς

213 1919 279 1966 εῖναι
298 1918 432 1980 λέγοντος,
449 1917 516 1968 Θεὸν
531 1920 577 1967 καῖ
593 1918 659 1982 ὓλην
673 1920 720 1968 καῖ

214 2003 293 2062 εἶδος.
342 1998 480 2052 Irenaeum
505 2017 568 2052 vero
587 2000 720 2069 scripsisse

213 2087 287 2150 ὓλην,
310 2087 356 2135 καῖ
379 2089 556 2154 παραδεῖγμα,
583 2089 629 2136 καῖ
654 2086 720 2137 θεὸν

212 2179 283 2236 patet
296 2184 329 2220 ex
343 2167 417 2220 Hrnn.
432 2167 572 2238 Plrilasoplr.
586 2167 607 2234 l,
623 2165 663 2232 16,
676 2167 719 2238 qui

121 2297 125 2306 .
212 2252 287 2304 illum
307 2252 439 2305 exscribit.

247 2337 291 2404 (t)
302 2335 377 2406 Opus
388 2337 586 2389 Anaxaoonnn
597 2340 660 2402 ΠερῖΙ
673 2337 720 2402 φῖ-

212 2435 279 2482 οεως
306 2418 356 2472 hac
384 2419 560 2489 descriptione
588 2419 719 2472 subiectae

213 2519 242 2554 ac
272 2503 424 2572 primaevae
455 2504 582 2556 materiae
613 2503 719 2556 initium

212 2588 320 2658 agebat:
336 2589 418 2654 Ὁμοῦ
435 2592 522 2640 πάντα
541 2591 665 2655 χρήματα
677 2592 719 2655 ην,

212 2674 309 2736 ἄπειρα
336 2677 383 2722 καῖ
409 2673 517 2738 πλῆθος
544 2676 590 2724 καῖ
615 2676 720 2742 σμικρό-

211 2772 320 2821 τερα...
339 2761 385 2808 καί
404 2759 508 2808 πάντων
533 2758 598 2822 ὁμοῦ
622 2760 719 2809 ἐόντων

212 2843 290 2892 οὐδὲν
315 2843 429 2906 ἔνδηλον
448 2845 481 2908 ἠν
504 2844 555 2893 ὑπὸ
580 2845 720 2908 σμικρότη-

212 2939 271 2987 τος·
290 2928 377 2977 πάντα
395 2929 447 2992 γὰρ
462 2929 514 2992 ἀήρ
529 2943 559 2977 τε
574 2931 621 2977 καῖ
636 2928 720 2992 αἰθὴρ

211 3013 349 3076 κατεῖχεν,
377 3013 517 3076 ἀμφότερα
540 3014 635 3074 ἄπειρα
663 3013 720 3063 ἑόν·

212 3109 262 3144 τα·
290 3100 375 3146 ταῦτα
402 3099 453 3160 γὰρ
481 3098 593 3162 μέγιστα
620 3097 720 3147 ἔνεστιν

213 3180 315 3241 ἐντοῖς
337 3181 451 3245 σύμπασι
474 3184 521 3231 καῖ
545 3181 647 3245 πλήθει
673 3183 720 3231 καῖ

212 3264 325 3328 μεγέθει
353 3267 406 3331 (ap.
432 3263 523 3316 δοκεῖ.
549 3262 622 3333 Phys.
649 3266 718 3330 155).

212 3343 286 3416 Opus
306 3347 403 3400 mentis
422 3348 555 3400 creatricis
571 3349 664 3414 (Νοῦς)
680 3359 719 3400 est

213 3432 329 3500 praecise
342 3433 464 3485 universa
480 3433 545 3486 baec
559 3431 667 3485 confusa
681 3432 719 3484 di·

212 3533 341 3580 scernere,
351 3518 420 3586 quod
430 3517 532 3570 obtinet
543 3533 588 3588 per
601 3518 720 3570 diversus

213 3599 339 3652 motionis
359 3600 486 3670 impulsus
505 3600 598 3671 quibus
614 3600 659 3652 illa
674 3617 719 3653 ex·

213 3683 305 3752 agitat.
344 3683 373 3736 ld
393 3684 482 3755 paucis
503 3684 637 3737 contrahit
656 3683 719 3736 H1P·

214 3781 273 3820 rot.
287 3767 307 3830 l,
320 3768 349 3819 8:
363 3771 446 3822 ὄντων
455 3771 561 3820 πάντων
574 3769 648 3833 ὁμοῦ,
659 3770 720 3831 νοῦς

213 3853 338 3904 ἐπελθών
357 3855 540 3918 διεκόσμησεν.
577 3850 631 3904 Cfr.
651 3853 719 3904 arr.

212 3935 232 3998 l,
252 3951 281 4003 7;
301 3935 359 3989 Cic.
380 3937 458 3990 Acud.
479 3936 511 4002 ll,
534 3951 564 4006 37
585 3949 635 3989 etc.

248 4021 289 4088 (2)
315 4019 487 4091 Empedocles
516 4032 641 4091 quattuor
668 4021 720 4074 ele-

212 4116 301 4157 menta
320 4105 352 4156 ab
365 4105 467 4174 origine
480 4105 555 4176 lingit
569 4106 597 4158 in
610 4106 720 4176 spherae

211 4189 374 4258 plenitudine
392 4189 530 4259 disposita:
551 4191 629 4260 ignis,
644 4207 721 4260 aqua,

772 1505 851 1556 terra,
870 1510 927 1546 aer:
947 1493 1110 1546 extrinsecus
1128 1493 1170 1546 his
1188 1505 1228 1546 est
1243 1493 1284 1545 vis

772 1579 917 1648 centripeta
937 1594 982 1630 seu
996 1579 1065 1630 lucta
1080 1581 1200 1646 (Νεῖκος)
1216 1595 1283 1648 quae

773 1665 807 1714 ad
818 1662 1008 1732 dispersionem
1022 1662 1065 1714 illa
1080 1663 1175 1732 adigit;
1186 1663 1213 1715 in
1223 1679 1283 1715 cen·

772 1758 814 1798 tro
833 1763 898 1799 vero
917 1745 991 1798 sedet
1011 1763 1087 1798 amor
1106 1763 1151 1799 seu
1170 1749 1283 1814 φῖλὸτης

773 1847 839 1900 quae
851 1831 945 1883 eadem
958 1831 1060 1899 repellit
1076 1830 1103 1882 in
1118 1829 1283 1900 primaevam

773 1914 961 1984 perfectionem
977 1927 1003 1967 et
1019 1915 1149 1968 unitatem
1165 1915 1282 1985 spherae.

774 1997 812 2050 Ex
822 1998 863 2050 his
873 2011 967 2051 cuncta
977 1999 1113 2068 disposita.
1153 1997 1206 2052 Csr.
1217 2000 1283 2052 haec

775 2082 923 2152 fragmenta
942 2100 975 2136 ex
994 2083 1063 2136 illius
1083 2083 1200 2136 carmine
1219 2083 1284 2148 Περὶ

774 2170 878 2234 φύσεως
888 2185 895 2220 :

774 2293 824 2358 πῦρ
841 2297 888 2344 καί
908 2294 978 2358 ὕδωρ
996 2297 1043 2345 καῖ
1061 2298 1127 2360 γαῖα
1140 2295 1188 2344 καῖ
1202 2295 1282 2359 ἠέρος

1068 2377 1195 2446 [ἄπλετον
1215 2379 1282 2442 ὕψος

775 2462 872 2523 Νεῖκος
887 2462 911 2512 τ’
921 2463 1053 2526 οὐλομένη
1068 2458 1132 2526 δίχα
1145 2466 1206 2525 τῶν,
1219 2463 1282 2512 ἀτά-

1030 2543 1141 2614 [λαντον
1160 2547 1282 2610 ἀπάντηι,

773 2633 820 2688 καὶ
840 2630 956 2695 Φιλότης
975 2631 1003 2680 ἐν
1022 2633 1112 2690 τοῖσιν,
1132 2632 1177 2694 Ιιοη
1197 2633 1282 2695 μῆκός

1058 2710 1099 2779 [τε
1118 2711 1219 2774 πλάτος
1237 2726 1280 2762 τε·

774 2879 855 2931 Ἔνθ’
867 2879 922 2931 οὔτ’
933 2881 1051 2932 Ἠελίοιο
1067 2882 1192 2930 dealbarat
1208 2881 1282 2930 ὠκέα

1205 2964 1281 3033 [γυῖα

775 3051 838 3100 οὐδὲ
864 3051 911 3114 μὲν
937 3050 1064 3113 οὐδάἰής
1089 3050 1181 3099 aaaron
1204 3051 1282 3113 μένος

1059 3131 1135 3200 [οὐδὲ
1154 3134 1282 3184 θάλασσα

774 3220 888 3284 Σφαῖρος
907 3218 1074 3284 κυκλοτερὴς
1090 3215 1176 3283 μονὶηι
1192 3233 1278 3284 περιη-

1119 3302 1173 3371 [pla
1190 3300 1274 3369 γαίων

773 3443 822 3484 etc.
861 3429 914 3483 Cir.
934 3431 967 3483 de
986 3447 1018 3484 eo
1046 3431 1120 3501 plura
1143 3447 1183 3501 ap.
1204 3429 1282 3482 Gott-

774 3531 847 3578 nenz,
860 3532 884 3568 o.
898 3533 920 3568 c.
938 3515 995 3584 183,
1009 3513 1075 3580 4463
1091 3516 1203 3578 Zeuma,
1223 3515 1281 3582 587.

809 3601 851 3668 (ς)
860 3598 913 3653 Cfr.
921 3617 976 3670 sup.
987 3618 1011 3671 p.
1026 3598 1083 3668 364,
1094 3613 1148 3652 not.
1162 3611 1209 3652 aet
1221 3599 1282 3652 Hir-

773 3698 834 3736 τοι.
843 3683 963 3746 Philosl,
974 3682 1017 3736 16:
1031 3684 1195 3737 «materiam
1208 3700 1280 3745 vero,

777 3787 790 3814 u
801 3768 953 3820 universam
978 3768 1132 3832 subiectam,
1152 3785 1231 3838 quarn
1257 3779 1283 3819 et

778 3852 996 3921 «receptaculum
1012 3863 1089 3904 vocat
1103 3864 1129 3904 et
1142 3851 1283 3914 nutricem,

777 3956 790 3986 a<
800 3953 832 3989 ex
852 3953 903 4006 qua
923 3936 1023 4006 digesta
1047 3936 1200 4006 provenisse
1220 3951 1284 4005 qua-

777 4041 790 4070 «
801 4033 861 4074 tuor
868 4022 1008 4074 elementa.
1035 4020 1216 4074 ...Materiam
1227 4036 1283 4072 esse

776 4105 930 4175 «principio
957 4121 1068 4176 eamque
1094 4119 1280 4174 aequaeuam»

774 4201 799 4242 et
819 4207 889 4242 max.
911 4190 981 4242 lusr.
1002 4189 1075 4260 Apol.
1095 4188 1128 4253 ΙΙ,
1148 4203 1163 4256 7
1183 4205 1237 4258 sqq.
