<?xml version="1.0" encoding="UTF-8"?>
<!DOCTYPE html PUBLIC "-//W3C//DTD XHTML 1.0 Transitional//EN"
    "http://www.w3.org/TR/xhtml1/DTD/xhtml1-transitional.dtd">
<html xmlns="http://www.w3.org/1999/xhtml" xml:lang="en" lang="en">
 <head>
  <title>
</title>
<meta http-equiv="Content-Type" content="text/html;charset=utf-8" />
  <meta name='ocr-system' content='tesseract 3.04.00' />
  <meta name='ocr-capabilities' content='ocr_page ocr_carea ocr_par ocr_line ocrx_word'/>
</head>
<body>
  <div class='ocr_page' id='page_1' title='image "./adversushaerese00irengoog_0170.png"; bbox 0 0 3230 5062; ppageno 0'>
   <div class='ocr_carea' id='block_1_1' title="bbox 165 463 1237 548">
    <p class='ocr_par' dir='ltr' id='par_1_1' title="bbox 165 463 1237 548">
     <span class='ocr_line' id='line_1_1' title="bbox 165 463 1237 548; baseline -0.014 -16"><span class='ocrx_word' id='word_1_1' title='bbox 165 477 213 545; x_wconf 86' lang='lat' dir='ltr'>(V‚</span> <span class='ocrx_word' id='word_1_2' title='bbox 232 477 320 548; x_wconf 78' lang='lat'>2-3).]</span> <span class='ocrx_word' id='word_1_3' title='bbox 595 479 687 525; x_wconf 84' lang='lat' dir='ltr'>LIBER</span> <span class='ocrx_word' id='word_1_4' title='bbox 709 477 823 524; x_wconf 83' lang='lat' dir='ltr'><strong>PRIMUS</strong></span> <span class='ocrx_word' id='word_1_5' title='bbox 1179 463 1237 547; x_wconf 71' lang='lat'>165</span> 
     </span>
    </p>
   </div>
   <div class='ocr_carea' id='block_1_2' title="bbox 164 673 1242 2042">
    <p class='ocr_par' dir='ltr' id='par_1_2' title="bbox 164 673 1242 2042">
     <span class='ocr_line' id='line_1_2' title="bbox 164 673 1240 765; baseline 0.001 -23"><span class='ocrx_word' id='word_1_6' title='bbox 164 678 306 765; x_wconf 90' lang='lat' dir='ltr'>primum</span> <span class='ocrx_word' id='word_1_7' title='bbox 331 676 521 757; x_wconf 85' lang='lat' dir='ltr'>Proarchen,</span> <span class='ocrx_word' id='word_1_8' title='bbox 544 673 657 742; x_wconf 91' lang='lat' dir='ltr'>deinde</span> <span class='ocrx_word' id='word_1_9' title='bbox 679 677 901 757; x_wconf 69' lang='lat' dir='ltr'>Anennoeton,</span> <span class='ocrx_word' id='word_1_10' title='bbox 917 676 1042 742; x_wconf 87' lang='lat' dir='ltr'><strong>tertiam</strong></span> <span class='ocrx_word' id='word_1_11' title='bbox 1056 693 1162 742; x_wconf 88' lang='lat' dir='ltr'>autem</span> <span class='ocrx_word' id='word_1_12' title='bbox 1179 679 1240 743; x_wconf 89' lang='lat' dir='ltr'>Ar·</span> 
     </span>
     <span class='ocr_line' id='line_1_3' title="bbox 165 781 1240 871; baseline 0.001 -21"><span class='ocrx_word' id='word_1_13' title='bbox 165 783 291 866; x_wconf 84' lang='lat' dir='ltr'>theton,</span> <span class='ocrx_word' id='word_1_14' title='bbox 310 799 341 850; x_wconf 89' lang='lat' dir='ltr'>et</span> <span class='ocrx_word' id='word_1_15' title='bbox 359 799 502 870; x_wconf 83' lang='lat' dir='ltr'>quartam</span> <span class='ocrx_word' id='word_1_16' title='bbox 517 785 669 850; x_wconf 88' lang='lat' dir='ltr'>Aoraton.</span> <span class='ocrx_word' id='word_1_17' title='bbox 716 783 755 849; x_wconf 88' lang='lat' dir='ltr'>Et</span> <span class='ocrx_word' id='word_1_18' title='bbox 770 782 809 849; x_wconf 94' lang='lat' dir='ltr'>de</span> <span class='ocrx_word' id='word_1_19' title='bbox 825 781 1066 871; x_wconf 77' lang='lat' dir='ltr'>primoquidem</span> <span class='ocrx_word' id='word_1_20' title='bbox 1084 783 1240 851; x_wconf 86' lang='lat' dir='ltr'>Proarche</span> 
     </span>
     <span class='ocr_line' id='line_1_4' title="bbox 164 881 1239 978; baseline 0 -22"><span class='ocrx_word' id='word_1_21' title='bbox 164 891 321 956; x_wconf 90' lang='lat' dir='ltr'>emissum</span> <span class='ocrx_word' id='word_1_22' title='bbox 344 912 414 956; x_wconf 91' lang='lat' dir='ltr'>esse</span> <span class='ocrx_word' id='word_1_23' title='bbox 437 889 540 976; x_wconf 92' lang='lat' dir='ltr'>primo</span> <span class='ocrx_word' id='word_1_24' title='bbox 564 905 594 956; x_wconf 89' lang='lat' dir='ltr'>et</span> <span class='ocrx_word' id='word_1_25' title='bbox 616 890 727 978; x_wconf 92' lang='lat' dir='ltr'>quinto</span> <span class='ocrx_word' id='word_1_26' title='bbox 751 881 822 955; x_wconf 82' lang='lat' dir='ltr'>loco</span> <span class='ocrx_word' id='word_1_27' title='bbox 841 887 979 970; x_wconf 90' lang='lat' dir='ltr'>Archen,</span> <span class='ocrx_word' id='word_1_28' title='bbox 996 913 1034 956; x_wconf 89' lang='lat' dir='ltr'>ex</span> <span class='ocrx_word' id='word_1_29' title='bbox 1049 891 1239 957; x_wconf 74' lang='lat' dir='ltr'>Anennoeto</span> 
     </span>
     <span class='ocr_line' id='line_1_5' title="bbox 165 995 1239 1084; baseline 0 -20"><span class='ocrx_word' id='word_1_30' title='bbox 165 995 307 1065; x_wconf 88' lang='lat' dir='ltr'>secundo</span> <span class='ocrx_word' id='word_1_31' title='bbox 333 1013 363 1062; x_wconf 92' lang='lat' dir='ltr'>et</span> <span class='ocrx_word' id='word_1_32' title='bbox 396 1012 485 1063; x_wconf 84' lang='lat' dir='ltr'>sexto</span> <span class='ocrx_word' id='word_1_33' title='bbox 515 996 587 1062; x_wconf 88' lang='lat' dir='ltr'>loco</span> <span class='ocrx_word' id='word_1_34' title='bbox 615 996 829 1084; x_wconf 86' lang='lat' dir='ltr'>Acatalepton‚</span> <span class='ocrx_word' id='word_1_35' title='bbox 854 1012 884 1062; x_wconf 88' lang='lat' dir='ltr'>et</span> <span class='ocrx_word' id='word_1_36' title='bbox 906 995 945 1062; x_wconf 89' lang='lat' dir='ltr'>de</span> <span class='ocrx_word' id='word_1_37' title='bbox 969 996 1106 1063; x_wconf 86' lang='lat' dir='ltr'>Arrheto</span> <span class='ocrx_word' id='word_1_38' title='bbox 1134 1013 1239 1064; x_wconf 86' lang='lat' dir='ltr'>autem</span> 
     </span>
     <span class='ocr_line' id='line_1_6' title="bbox 164 1099 1238 1191; baseline 0 -21"><span class='ocrx_word' id='word_1_39' title='bbox 164 1104 261 1170; x_wconf 92' lang='lat' dir='ltr'>tertio</span> <span class='ocrx_word' id='word_1_40' title='bbox 273 1119 303 1169; x_wconf 90' lang='lat' dir='ltr'>et</span> <span class='ocrx_word' id='word_1_41' title='bbox 314 1104 451 1190; x_wconf 91' lang='lat' dir='ltr'>septimo</span> <span class='ocrx_word' id='word_1_42' title='bbox 467 1103 539 1168; x_wconf 87' lang='lat' dir='ltr'>loco</span> <span class='ocrx_word' id='word_1_43' title='bbox 555 1104 810 1184; x_wconf 88' lang='lat' dir='ltr'>Anonomaston,</span> <span class='ocrx_word' id='word_1_44' title='bbox 822 1099 862 1168; x_wconf 91' lang='lat' dir='ltr'>de</span> <span class='ocrx_word' id='word_1_45' title='bbox 874 1103 994 1168; x_wconf 87' lang='lat' dir='ltr'>Aorato</span> <span class='ocrx_word' id='word_1_46' title='bbox 1010 1118 1115 1168; x_wconf 83' lang='lat' dir='ltr'>autem</span> <span class='ocrx_word' id='word_1_47' title='bbox 1127 1120 1238 1191; x_wconf 87' lang='lat' dir='ltr'>quarto</span> 
     </span>
     <span class='ocr_line' id='line_1_7' title="bbox 164 1207 1239 1297; baseline 0.001 -23"><span class='ocrx_word' id='word_1_48' title='bbox 164 1226 198 1275; x_wconf 91' lang='lat' dir='ltr'>et</span> <span class='ocrx_word' id='word_1_49' title='bbox 221 1225 335 1274; x_wconf 82' lang='lat' dir='ltr'>octavo</span> <span class='ocrx_word' id='word_1_50' title='bbox 358 1207 430 1275; x_wconf 90' lang='lat' dir='ltr'>loco</span> <span class='ocrx_word' id='word_1_51' title='bbox 453 1210 653 1296; x_wconf 85' lang='lat' dir='ltr'>Agenneton.</span> <span class='ocrx_word' id='word_1_52' title='bbox 700 1207 848 1275; x_wconf 88' lang='lat' dir='ltr'>Pleroma</span> <span class='ocrx_word' id='word_1_53' title='bbox 864 1207 924 1274; x_wconf 93' lang='lat' dir='ltr'>hoc</span> <span class='ocrx_word' id='word_1_54' title='bbox 940 1209 1060 1296; x_wconf 84' lang='lat' dir='ltr'>primae</span> <span class='ocrx_word' id='word_1_55' title='bbox 1076 1207 1239 1297; x_wconf 86' lang='lat' dir='ltr'><strong>ogdoadis.</strong></span> 
     </span>
     <span class='ocr_line' id='line_1_8' title="bbox 165 1312 1240 1404; baseline 0.002 -24"><span class='ocrx_word' id='word_1_56' title='bbox 165 1315 233 1380; x_wconf 78' lang='lat' dir='ltr'>Has</span> <span class='ocrx_word' id='word_1_57' title='bbox 256 1314 369 1380; x_wconf 91' lang='lat' dir='ltr'>volunt</span> <span class='ocrx_word' id='word_1_58' title='bbox 390 1315 522 1380; x_wconf 91' lang='lat' dir='ltr'>virtutes</span> <span class='ocrx_word' id='word_1_59' title='bbox 546 1312 642 1380; x_wconf 82' lang='lat' dir='ltr'>fuisse</span> <span class='ocrx_word' id='word_1_60' title='bbox 665 1331 736 1382; x_wconf 87' lang='lat' dir='ltr'>ante</span> <span class='ocrx_word' id='word_1_61' title='bbox 761 1313 887 1400; x_wconf 82' lang='lat' dir='ltr'>Bython</span> <span class='ocrx_word' id='word_1_62' title='bbox 904 1330 934 1380; x_wconf 92' lang='lat' dir='ltr'>et</span> <span class='ocrx_word' id='word_1_63' title='bbox 951 1315 1057 1404; x_wconf 86' lang='lat' dir='ltr'><strong>Sigen,</strong></span> <span class='ocrx_word' id='word_1_64' title='bbox 1080 1332 1114 1380; x_wconf 93' lang='lat' dir='ltr'>ut</span> <span class='ocrx_word' id='word_1_65' title='bbox 1138 1315 1240 1403; x_wconf 84' lang='lat' dir='ltr'>perfe-</span> 
     </span>
     <span class='ocr_line' id='line_1_9' title="bbox 165 1419 1239 1510; baseline 0.003 -23"><span class='ocrx_word' id='word_1_66' title='bbox 165 1438 293 1488; x_wconf 91' lang='lat' dir='ltr'>ctorum</span> <span class='ocrx_word' id='word_1_67' title='bbox 317 1419 517 1509; x_wconf 85' lang='lat' dir='ltr'>perfectiores</span> <span class='ocrx_word' id='word_1_68' title='bbox 536 1438 711 1510; x_wconf 85' lang='lat' dir='ltr'>appareant,</span> <span class='ocrx_word' id='word_1_69' title='bbox 735 1437 765 1487; x_wconf 98' lang='lat' dir='ltr'>et</span> <span class='ocrx_word' id='word_1_70' title='bbox 790 1421 1017 1489; x_wconf 86' lang='lat' dir='ltr'>Gnosticorum</span> <span class='ocrx_word' id='word_1_71' title='bbox 1037 1421 1139 1510; x_wconf 85' lang='lat' dir='ltr'>magis</span> <span class='ocrx_word' id='word_1_72' title='bbox 1159 1446 1239 1510; x_wconf 87' lang='lat' dir='ltr'>gno-</span> 
     </span>
     <span class='ocr_line' id='line_1_10' title="bbox 167 1526 1241 1617; baseline 0 -23"><span class='ocrx_word' id='word_1_73' title='bbox 167 1527 255 1608; x_wconf 88' lang='lat' dir='ltr'>stici;</span> <span class='ocrx_word' id='word_1_74' title='bbox 286 1526 323 1593; x_wconf 86' lang='lat' dir='ltr'>ad</span> <span class='ocrx_word' id='word_1_75' title='bbox 353 1549 433 1615; x_wconf 93' lang='lat' dir='ltr'>quos</span> <span class='ocrx_word' id='word_1_76' title='bbox 460 1528 541 1594; x_wconf 88' lang='lat' dir='ltr'>iuste</span> <span class='ocrx_word' id='word_1_77' title='bbox 575 1528 644 1616; x_wconf 92' lang='lat' dir='ltr'>quis</span> <span class='ocrx_word' id='word_1_78' title='bbox 671 1527 732 1594; x_wconf 90' lang='lat' dir='ltr'>hoc</span> <span class='ocrx_word' id='word_1_79' title='bbox 762 1527 862 1594; x_wconf 85' lang='lat' dir='ltr'>dicat:</span> <span class='ocrx_word' id='word_1_80' title='bbox 896 1526 929 1595; x_wconf 94' lang='lat' dir='ltr'>O</span> <span class='ocrx_word' id='word_1_81' title='bbox 957 1551 1105 1617; x_wconf 90' lang='lat' dir='ltr'>pepones,</span> <span class='ocrx_word' id='word_1_82' title='bbox 1133 1528 1241 1617; x_wconf 93' lang='lat' dir='ltr'>sophi-</span> 
     </span>
     <span class='ocr_line' id='line_1_11' title="bbox 166 1632 1240 1723; baseline 0.002 -23"><span class='ocrx_word' id='word_1_83' title='bbox 166 1651 233 1701; x_wconf 82' lang='lat' dir='ltr'>stae</span> <span class='ocrx_word' id='word_1_84' title='bbox 254 1632 484 1722; x_wconf 85' lang='lat' dir='ltr'>vituperabiles,</span> <span class='ocrx_word' id='word_1_85' title='bbox 508 1650 538 1701; x_wconf 94' lang='lat' dir='ltr'>et</span> <span class='ocrx_word' id='word_1_86' title='bbox 561 1657 626 1701; x_wconf 93' lang='lat' dir='ltr'>non</span> <span class='ocrx_word' id='word_1_87' title='bbox 649 1634 729 1700; x_wconf 84' lang='lat' dir='ltr'>veri!</span> <span class='ocrx_word' id='word_1_88' title='bbox 744 1633 778 1688; x_wconf 79' lang='lat'>(¹)</span> <span class='ocrx_word' id='word_1_89' title='bbox 831 1635 956 1701; x_wconf 89' lang='lat' dir='ltr'>Etenim</span> <span class='ocrx_word' id='word_1_90' title='bbox 980 1633 1018 1701; x_wconf 91' lang='lat' dir='ltr'>de</span> <span class='ocrx_word' id='word_1_91' title='bbox 1041 1637 1110 1723; x_wconf 93' lang='lat' dir='ltr'>ipso</span> <span class='ocrx_word' id='word_1_92' title='bbox 1134 1635 1240 1723; x_wconf 86' lang='lat' dir='ltr'>Bytho</span> 
     </span>
     <span class='ocr_line' id='line_1_12' title="bbox 166 1739 1241 1829; baseline 0.002 -24"><span class='ocrx_word' id='word_1_93' title='bbox 166 1741 269 1807; x_wconf 81' lang='lat' dir='ltr'>variae</span> <span class='ocrx_word' id='word_1_94' title='bbox 286 1755 359 1806; x_wconf 90' lang='lat' dir='ltr'>sunt</span> <span class='ocrx_word' id='word_1_95' title='bbox 371 1741 542 1807; x_wconf 86' lang='lat' dir='ltr'>sententiae</span> <span class='ocrx_word' id='word_1_96' title='bbox 556 1739 637 1829; x_wconf 86' lang='lat' dir='ltr'>apud</span> <span class='ocrx_word' id='word_1_97' title='bbox 649 1740 751 1807; x_wconf 64' lang='lat' dir='ltr'>eost&gt;</span> <span class='ocrx_word' id='word_1_98' title='bbox 798 1740 939 1824; x_wconf 87' lang='lat' dir='ltr'>Quidam</span> <span class='ocrx_word' id='word_1_99' title='bbox 952 1743 1035 1808; x_wconf 91' lang='lat' dir='ltr'>enim</span> <span class='ocrx_word' id='word_1_100' title='bbox 1052 1743 1119 1808; x_wconf 91' lang='lat' dir='ltr'>sine</span> <span class='ocrx_word' id='word_1_101' title='bbox 1131 1743 1241 1809; x_wconf 89' lang='lat' dir='ltr'>coniu-</span> 
     </span>
     <span class='ocr_line' id='line_1_13' title="bbox 166 1843 1242 1938; baseline 0.002 -25"><span class='ocrx_word' id='word_1_102' title='bbox 166 1849 293 1935; x_wconf 82' lang='lat' dir='ltr'>gatione</span> <span class='ocrx_word' id='word_1_103' title='bbox 316 1843 424 1913; x_wconf 88' lang='lat' dir='ltr'>dicunt</span> <span class='ocrx_word' id='word_1_104' title='bbox 454 1870 539 1928; x_wconf 89' lang='lat' dir='ltr'>eum,</span> <span class='ocrx_word' id='word_1_105' title='bbox 563 1870 664 1935; x_wconf 88' lang='lat' dir='ltr'>neque</span> <span class='ocrx_word' id='word_1_106' title='bbox 695 1846 886 1929; x_wconf 85' lang='lat' dir='ltr'>masculum,</span> <span class='ocrx_word' id='word_1_107' title='bbox 910 1871 1011 1938; x_wconf 89' lang='lat' dir='ltr'>neque</span> <span class='ocrx_word' id='word_1_108' title='bbox 1036 1847 1242 1931; x_wconf 77' lang='lat' dir='ltr'>feminum,(³l</span> 
     </span>
     <span class='ocr_line' id='line_1_14' title="bbox 167 1951 1240 2042; baseline 0.003 -23"><span class='ocrx_word' id='word_1_109' title='bbox 167 1976 268 2042; x_wconf 85' lang='lat' dir='ltr'>neque</span> <span class='ocrx_word' id='word_1_110' title='bbox 297 1953 431 2019; x_wconf 92' lang='lat' dir='ltr'>omnino</span> <span class='ocrx_word' id='word_1_111' title='bbox 462 1951 577 2041; x_wconf 84' lang='lat' dir='ltr'>aliquid</span> <span class='ocrx_word' id='word_1_112' title='bbox 606 1976 685 2019; x_wconf 89' lang='lat' dir='ltr'>esse.</span> <span class='ocrx_word' id='word_1_113' title='bbox 697 1953 731 2007; x_wconf 77' lang='lat'>(⁴)</span> <span class='ocrx_word' id='word_1_114' title='bbox 768 1953 832 2020; x_wconf 85' lang='lat' dir='ltr'>Alii</span> <span class='ocrx_word' id='word_1_115' title='bbox 863 1969 968 2021; x_wconf 84' lang='lat' dir='ltr'>autem</span> <span class='ocrx_word' id='word_1_116' title='bbox 1000 1971 1029 2022; x_wconf 91' lang='lat' dir='ltr'>et</span> <span class='ocrx_word' id='word_1_117' title='bbox 1062 1955 1240 2022; x_wconf 86' lang='lat' dir='ltr'>masculum</span> 
     </span>
    </p>
   </div>
   <div class='ocr_carea' id='block_1_3' title="bbox 164 2111 1242 3266">
    <p class='ocr_par' dir='ltr' id='par_1_3' title="bbox 164 2111 1242 3266">
     <span class='ocr_line' id='line_1_15' title="bbox 167 2111 1242 2202; baseline 0.007 -27"><span class='ocrx_word' id='word_1_118' title='bbox 167 2111 283 2198; x_wconf 77' lang='grc' dir='ltr'>νόηρυν,</span> <span class='ocrx_word' id='word_1_119' title='bbox 299 2117 353 2198; x_wconf 76' lang='grc' dir='ltr'>τὴν</span> <span class='ocrx_word' id='word_1_120' title='bbox 367 2115 400 2178; x_wconf 83' lang='grc' dir='ltr'>δὲ</span> <span class='ocrx_word' id='word_1_121' title='bbox 415 2113 515 2200; x_wconf 72' lang='grc' dir='ltr'>τρίτην</span> <span class='ocrx_word' id='word_1_122' title='bbox 529 2113 691 2199; x_wconf 80' lang='grc' dir='ltr'>Ἀββηιον,</span> <span class='ocrx_word' id='word_1_123' title='bbox 707 2117 761 2180; x_wconf 77' lang='grc' dir='ltr'>καί</span> <span class='ocrx_word' id='word_1_124' title='bbox 775 2119 829 2199; x_wconf 79' lang='grc' dir='ltr'>τὴν</span> <span class='ocrx_word' id='word_1_125' title='bbox 836 2115 985 2201; x_wconf 77' lang='grc' dir='ltr'>τετάρτην</span> <span class='ocrx_word' id='word_1_126' title='bbox 1001 2114 1167 2202; x_wconf 89' lang='grc' dir='ltr'>Ἀόρατον·</span> <span class='ocrx_word' id='word_1_127' title='bbox 1187 2120 1242 2182; x_wconf 82' lang='grc' dir='ltr'>καὶ</span> 
     </span>
     <span class='ocr_line' id='line_1_16' title="bbox 167 2221 1240 2310; baseline 0.005 -25"><span class='ocrx_word' id='word_1_128' title='bbox 167 2221 205 2285; x_wconf 81' lang='grc' dir='ltr'>ἐκ</span> <span class='ocrx_word' id='word_1_129' title='bbox 220 2223 275 2304; x_wconf 83' lang='grc' dir='ltr'>μὲν</span> <span class='ocrx_word' id='word_1_130' title='bbox 289 2231 342 2305; x_wconf 72' lang='grc' dir='ltr'>τῆς</span> <span class='ocrx_word' id='word_1_131' title='bbox 360 2221 481 2306; x_wconf 84' lang='grc' dir='ltr'><strong>πρώτης</strong></span> <span class='ocrx_word' id='word_1_132' title='bbox 497 2221 662 2307; x_wconf 77' lang='grc' dir='ltr'>Προαρχης</span> <span class='ocrx_word' id='word_1_133' title='bbox 675 2221 903 2308; x_wconf 72' lang='grc' dir='ltr'>προβεβλῆσθαι</span> <span class='ocrx_word' id='word_1_134' title='bbox 917 2221 1025 2307; x_wconf 82' lang='grc' dir='ltr'>πρώτῳ</span> <span class='ocrx_word' id='word_1_135' title='bbox 1043 2226 1096 2288; x_wconf 82' lang='grc' dir='ltr'>καί</span> <span class='ocrx_word' id='word_1_136' title='bbox 1110 2223 1240 2310; x_wconf 81' lang='grc' dir='ltr'>πέμπτῳ</span> 
     </span>
     <span class='ocr_line' id='line_1_17' title="bbox 165 2326 1238 2417; baseline 0.002 -24"><span class='ocrx_word' id='word_1_137' title='bbox 165 2329 251 2413; x_wconf 87' lang='grc' dir='ltr'>τόπῳ</span> <span class='ocrx_word' id='word_1_138' title='bbox 271 2326 401 2413; x_wconf 82' lang='grc' dir='ltr'><strong>Ἀρχὴν,</strong></span> <span class='ocrx_word' id='word_1_139' title='bbox 420 2327 458 2392; x_wconf 77' lang='grc' dir='ltr'>ἐκ</span> <span class='ocrx_word' id='word_1_140' title='bbox 476 2330 510 2392; x_wconf 82' lang='grc' dir='ltr'>δὲ</span> <span class='ocrx_word' id='word_1_141' title='bbox 527 2339 581 2414; x_wconf 78' lang='grc' dir='ltr'>τῆς</span> <span class='ocrx_word' id='word_1_142' title='bbox 600 2326 800 2414; x_wconf 74' lang='grc' dir='ltr'>Ἀνεννοήτου</span> <span class='ocrx_word' id='word_1_143' title='bbox 818 2328 948 2414; x_wconf 80' lang='grc' dir='ltr'>δευτέρῳ</span> <span class='ocrx_word' id='word_1_144' title='bbox 972 2331 1024 2393; x_wconf 84' lang='grc' dir='ltr'>καὶ</span> <span class='ocrx_word' id='word_1_145' title='bbox 1047 2332 1128 2415; x_wconf 87' lang='grc' dir='ltr'>ἕκτῳ</span> <span class='ocrx_word' id='word_1_146' title='bbox 1153 2331 1238 2417; x_wconf 83' lang='grc' dir='ltr'>τόπῳ</span> 
     </span>
     <span class='ocr_line' id='line_1_18' title="bbox 167 2434 1240 2524; baseline 0.002 -22"><span class='ocrx_word' id='word_1_147' title='bbox 167 2434 414 2520; x_wconf 81' lang='grc' dir='ltr'>Ἀκατίιληιιτον,</span> <span class='ocrx_word' id='word_1_148' title='bbox 427 2437 464 2501; x_wconf 74' lang='grc' dir='ltr'>ὲκ</span> <span class='ocrx_word' id='word_1_149' title='bbox 479 2438 512 2501; x_wconf 83' lang='grc' dir='ltr'>δὲ</span> <span class='ocrx_word' id='word_1_150' title='bbox 528 2446 581 2521; x_wconf 82' lang='grc' dir='ltr'>τῆς</span> <span class='ocrx_word' id='word_1_151' title='bbox 593 2434 740 2522; x_wconf 82' lang='grc' dir='ltr'>Ἀββέτου</span> <span class='ocrx_word' id='word_1_152' title='bbox 751 2436 839 2522; x_wconf 80' lang='grc' dir='ltr'>τρίτῳ</span> <span class='ocrx_word' id='word_1_153' title='bbox 850 2439 903 2501; x_wconf 84' lang='grc' dir='ltr'>καί</span> <span class='ocrx_word' id='word_1_154' title='bbox 914 2437 1032 2523; x_wconf 84' lang='grc' dir='ltr'>ἑβδόμῳ</span> <span class='ocrx_word' id='word_1_155' title='bbox 1044 2438 1127 2524; x_wconf 85' lang='grc' dir='ltr'>τόπῳ</span> <span class='ocrx_word' id='word_1_156' title='bbox 1143 2436 1240 2505; x_wconf 88' lang='grc' dir='ltr'>Ἀνιυ-</span> 
     </span>
     <span class='ocr_line' id='line_1_19' title="bbox 164 2541 1240 2632; baseline 0 -24"><span class='ocrx_word' id='word_1_157' title='bbox 164 2542 326 2628; x_wconf 81' lang='grc' dir='ltr'>νόμαστον,</span> <span class='ocrx_word' id='word_1_158' title='bbox 342 2542 380 2606; x_wconf 83' lang='grc' dir='ltr'>ἐκ</span> <span class='ocrx_word' id='word_1_159' title='bbox 391 2543 425 2606; x_wconf 82' lang='grc' dir='ltr'>δὲ</span> <span class='ocrx_word' id='word_1_160' title='bbox 436 2553 489 2628; x_wconf 73' lang='grc' dir='ltr'>τῆς</span> <span class='ocrx_word' id='word_1_161' title='bbox 505 2541 656 2626; x_wconf 77' lang='grc' dir='ltr'>Ἀορίτου</span> <span class='ocrx_word' id='word_1_162' title='bbox 668 2541 869 2628; x_wconf 80' lang='grc' dir='ltr'>Ἀγέννρτον·</span> <span class='ocrx_word' id='word_1_163' title='bbox 883 2542 1042 2628; x_wconf 82' lang='grc' dir='ltr'>Πλήριυμα</span> <span class='ocrx_word' id='word_1_164' title='bbox 1053 2555 1106 2627; x_wconf 84' lang='grc' dir='ltr'>τῆς</span> <span class='ocrx_word' id='word_1_165' title='bbox 1121 2544 1240 2632; x_wconf 77' lang='grc' dir='ltr'>πρώτης</span> 
     </span>
     <span class='ocr_line' id='line_1_20' title="bbox 165 2647 1240 2736; baseline 0.005 -24"><span class='ocrx_word' id='word_1_166' title='bbox 165 2648 321 2733; x_wconf 75' lang='grc' dir='ltr'>όγδοόδος.</span> <span class='ocrx_word' id='word_1_167' title='bbox 358 2648 479 2726; x_wconf 82' lang='grc' dir='ltr'>Ταύτας</span> <span class='ocrx_word' id='word_1_168' title='bbox 489 2647 1240 2736; x_wconf 75' lang='grc' dir='ltr'>βοόλονταιτόςδυνάμειςπροϋπόρχειντοῠΒυόοῠ</span> 
     </span>
     <span class='ocr_line' id='line_1_21' title="bbox 165 2753 1240 2841; baseline 0.002 -23"><span class='ocrx_word' id='word_1_169' title='bbox 165 2756 220 2818; x_wconf 74' lang='grc' dir='ltr'>καὶ</span> <span class='ocrx_word' id='word_1_170' title='bbox 230 2764 283 2839; x_wconf 68' lang='grc' dir='ltr'>τῆς</span> <span class='ocrx_word' id='word_1_171' title='bbox 293 2753 397 2840; x_wconf 75' lang='grc' dir='ltr'>Σιγῆς,</span> <span class='ocrx_word' id='word_1_172' title='bbox 408 2756 456 2818; x_wconf 81' lang='grc' dir='ltr'>ἵνα</span> <span class='ocrx_word' id='word_1_173' title='bbox 467 2754 588 2820; x_wconf 84' lang='grc' dir='ltr'>τελείων</span> <span class='ocrx_word' id='word_1_174' title='bbox 600 2755 778 2841; x_wconf 78' lang='grc' dir='ltr'>τελειότερα</span> <span class='ocrx_word' id='word_1_175' title='bbox 792 2765 923 2840; x_wconf 83' lang='grc' dir='ltr'>φανῶσιν</span> <span class='ocrx_word' id='word_1_176' title='bbox 939 2758 1031 2836; x_wconf 73' lang='grc' dir='ltr'>ὄντες,</span> <span class='ocrx_word' id='word_1_177' title='bbox 1046 2760 1099 2821; x_wconf 81' lang='grc' dir='ltr'>καί</span> <span class='ocrx_word' id='word_1_178' title='bbox 1116 2759 1240 2823; x_wconf 84' lang='grc' dir='ltr'>Γνωστι-</span> 
     </span>
     <span class='ocr_line' id='line_1_22' title="bbox 165 2860 1240 2949; baseline 0.004 -25"><span class='ocrx_word' id='word_1_179' title='bbox 165 2869 233 2924; x_wconf 77' lang='grc' dir='ltr'>κῶν</span> <span class='ocrx_word' id='word_1_180' title='bbox 243 2860 478 2947; x_wconf 80' lang='grc' dir='ltr'>γνωστικιότεροι</span> <span class='ocrx_word' id='word_1_181' title='bbox 488 2883 496 2898; x_wconf 90' lang='grc'><em>·</em></span> <span class='ocrx_word' id='word_1_182' title='bbox 508 2865 583 2948; x_wconf 83' lang='grc' dir='ltr'>πρός</span> <span class='ocrx_word' id='word_1_183' title='bbox 594 2865 645 2938; x_wconf 83' lang='grc' dir='ltr'>οὓς</span> <span class='ocrx_word' id='word_1_184' title='bbox 657 2863 779 2939; x_wconf 78' lang='grc' dir='ltr'>δικαίως</span> <span class='ocrx_word' id='word_1_185' title='bbox 790 2865 828 2926; x_wconf 82' lang='grc' dir='ltr'>ἄν</span> <span class='ocrx_word' id='word_1_186' title='bbox 838 2884 882 2940; x_wconf 82' lang='grc' dir='ltr'>τις</span> <span class='ocrx_word' id='word_1_187' title='bbox 893 2863 1124 2948; x_wconf 75' lang='grc' dir='ltr'>ἐπιφιυνήσειεν·</span> <span class='ocrx_word' id='word_1_188' title='bbox 1138 2865 1177 2947; x_wconf 81' lang='grc' dir='ltr'>(ὧ</span> <span class='ocrx_word' id='word_1_189' title='bbox 1188 2865 1240 2949; x_wconf 84' lang='grc' dir='ltr'>λη·</span> 
     </span>
     <span class='ocr_line' id='line_1_23' title="bbox 165 2965 1240 3056; baseline 0.004 -27"><span class='ocrx_word' id='word_1_190' title='bbox 165 2965 458 3052; x_wconf 61' lang='grc' dir='ltr'>ρολόγοισοριοταιβ.</span> <span class='ocrx_word' id='word_1_191' title='bbox 485 2966 549 3031; x_wconf 81' lang='grc' dir='ltr'>Καὶ</span> <span class='ocrx_word' id='word_1_192' title='bbox 557 2971 615 3052; x_wconf 82' lang='grc' dir='ltr'>γὰρ</span> <span class='ocrx_word' id='word_1_193' title='bbox 625 2970 692 3053; x_wconf 83' lang='grc' dir='ltr'>περὶ</span> <span class='ocrx_word' id='word_1_194' title='bbox 700 2971 792 3033; x_wconf 83' lang='grc' dir='ltr'>αὐτοῦ</span> <span class='ocrx_word' id='word_1_195' title='bbox 802 2978 855 3032; x_wconf 87' lang='grc' dir='ltr'>τοῦ</span> <span class='ocrx_word' id='word_1_196' title='bbox 866 2968 972 3033; x_wconf 65' lang='lat' dir='ltr'>Belou</span> <span class='ocrx_word' id='word_1_197' title='bbox 980 2969 1114 3056; x_wconf 72' lang='grc' dir='ltr'>διάφοροι</span> <span class='ocrx_word' id='word_1_198' title='bbox 1124 2971 1240 3056; x_wconf 78' lang='grc' dir='ltr'>γνῶμαί</span> 
     </span>
     <span class='ocr_line' id='line_1_24' title="bbox 166 3072 1239 3164; baseline 0.002 -28"><span class='ocrx_word' id='word_1_199' title='bbox 166 3072 239 3157; x_wconf 85' lang='grc' dir='ltr'>παρ’</span> <span class='ocrx_word' id='word_1_200' title='bbox 252 3075 360 3150; x_wconf 66' lang='grc' dir='ltr'>αὐτοῖς.</span> <span class='ocrx_word' id='word_1_201' title='bbox 407 3073 445 3140; x_wconf 83' lang='lat' dir='ltr'>Oi</span> <span class='ocrx_word' id='word_1_202' title='bbox 464 3076 519 3164; x_wconf 68' lang='grc' dir='ltr'>μὲν</span> <span class='ocrx_word' id='word_1_203' title='bbox 537 3077 596 3159; x_wconf 83' lang='grc' dir='ltr'>γὰρ</span> <span class='ocrx_word' id='word_1_204' title='bbox 618 3077 708 3139; x_wconf 81' lang='grc' dir='ltr'>αὐτόν</span> <span class='ocrx_word' id='word_1_205' title='bbox 726 3075 839 3160; x_wconf 83' lang='grc' dir='ltr'>ἄζυγον</span> <span class='ocrx_word' id='word_1_206' title='bbox 861 3073 1011 3160; x_wconf 81' lang='grc' dir='ltr'>λέγουσιν,</span> <span class='ocrx_word' id='word_1_207' title='bbox 1029 3078 1104 3160; x_wconf 77' lang='grc' dir='ltr'>μήτε</span> <span class='ocrx_word' id='word_1_208' title='bbox 1118 3076 1239 3161; x_wconf 80' lang='grc' dir='ltr'>ἄββενα,</span> 
     </span>
     <span class='ocr_line' id='line_1_25' title="bbox 166 3178 1240 3266; baseline 0.003 -23"><span class='ocrx_word' id='word_1_209' title='bbox 166 3178 244 3264; x_wconf 73' lang='grc' dir='ltr'>μήτε</span> <span class='ocrx_word' id='word_1_210' title='bbox 256 3179 395 3263; x_wconf 59' lang='grc' dir='ltr'>θήλειαν,</span> <span class='ocrx_word' id='word_1_211' title='bbox 408 3179 484 3264; x_wconf 75' lang='grc' dir='ltr'>μήτε</span> <span class='ocrx_word' id='word_1_212' title='bbox 494 3180 573 3258; x_wconf 83' lang='grc' dir='ltr'>όλιυς</span> <span class='ocrx_word' id='word_1_213' title='bbox 584 3182 656 3244; x_wconf 88' lang='grc' dir='ltr'>όντα</span> <span class='ocrx_word' id='word_1_214' title='bbox 665 3203 704 3244; x_wconf 92' lang='grc' dir='ltr'>τι.</span> <span class='ocrx_word' id='word_1_215' title='bbox 751 3180 862 3244; x_wconf 84' lang='grc' dir='ltr'>Ἀλλα.</span> <span class='ocrx_word' id='word_1_216' title='bbox 879 3182 913 3244; x_wconf 81' lang='grc' dir='ltr'>δὲ</span> <span class='ocrx_word' id='word_1_217' title='bbox 928 3179 1134 3266; x_wconf 78' lang='grc' dir='ltr'>ἀββενόθηλυν</span> <span class='ocrx_word' id='word_1_218' title='bbox 1148 3184 1240 3246; x_wconf 80' lang='grc' dir='ltr'>αὐτόν</span> 
     </span>
    </p>
   </div>
   <div class='ocr_carea' id='block_1_4' title="bbox 167 3365 1240 4278">
    <p class='ocr_par' dir='ltr' id='par_1_4' title="bbox 167 3365 1240 4278">
     <span class='ocr_line' id='line_1_26' title="bbox 168 3365 1240 3437; baseline 0.002 -19"><span class='ocrx_word' id='word_1_219' title='bbox 168 3365 300 3419; x_wconf 83' lang='lat' dir='ltr'>Ecclesia:</span> <span class='ocrx_word' id='word_1_220' title='bbox 320 3365 381 3436; x_wconf 81' lang='lat' dir='ltr'>quia</span> <span class='ocrx_word' id='word_1_221' title='bbox 399 3366 446 3419; x_wconf 87' lang='lat' dir='ltr'>scl.</span> <span class='ocrx_word' id='word_1_222' title='bbox 462 3366 488 3418; x_wconf 92' lang='lat' dir='ltr'>id</span> <span class='ocrx_word' id='word_1_223' title='bbox 498 3365 676 3419; x_wconf 85' lang='lat' dir='ltr'>necessarium</span> <span class='ocrx_word' id='word_1_224' title='bbox 732 3366 1110 3437; x_wconf 74' lang='grc' dir='ltr'>ριοταίίπονεὶδιοτοικοιίοὺν</span> <span class='ocrx_word' id='word_1_225' title='bbox 1117 3369 1240 3436; x_wconf 73' lang='grc' dir='ltr'>ἀληθεῖς.</span> 
     </span>
     <span class='ocr_line' id='line_1_27' title="bbox 168 3450 1238 3521; baseline -0.002 -17"><span class='ocrx_word' id='word_1_226' title='bbox 168 3467 201 3504; x_wconf 83' lang='lat' dir='ltr'>ex</span> <span class='ocrx_word' id='word_1_227' title='bbox 221 3451 279 3521; x_wconf 84' lang='lat' dir='ltr'>lege</span> <span class='ocrx_word' id='word_1_228' title='bbox 297 3450 454 3504; x_wconf 81' lang='lat' dir='ltr'>imitationis</span> <span class='ocrx_word' id='word_1_229' title='bbox 471 3451 551 3519; x_wconf 74' lang='grc' dir='ltr'>(καθ’</span> <span class='ocrx_word' id='word_1_230' title='bbox 562 3452 677 3504; x_wconf 80' lang='grc' dir='ltr'>ἀκολου·</span> <span class='ocrx_word' id='word_1_231' title='bbox 766 3451 809 3518; x_wconf 85' lang='lat'>(2)</span> <span class='ocrx_word' id='word_1_232' title='bbox 828 3450 883 3504; x_wconf 79' lang='lat' dir='ltr'>Cir.</span> <span class='ocrx_word' id='word_1_233' title='bbox 899 3451 922 3504; x_wconf 86' lang='grc' dir='ltr'>Τ</span> <span class='ocrx_word' id='word_1_234' title='bbox 924 3467 984 3505; x_wconf 75' lang='lat' dir='ltr'>eur.</span> <span class='ocrx_word' id='word_1_235' title='bbox 1001 3465 1094 3520; x_wconf 78' lang='lat'><em>33-34.</em></span> <span class='ocrx_word' id='word_1_236' title='bbox 1133 3452 1209 3505; x_wconf 76' lang='lat' dir='ltr'>Hirr.</span> <span class='ocrx_word' id='word_1_237' title='bbox 1221 3453 1238 3504; x_wconf 93' lang='lat' dir='ltr'>l.</span> 
     </span>
     <span class='ocr_line' id='line_1_28' title="bbox 169 3533 1198 3606; baseline 0.003 -20"><span class='ocrx_word' id='word_1_238' title='bbox 169 3535 328 3602; x_wconf 71' lang='grc' dir='ltr'>δίονΗιΡι.)</span> <span class='ocrx_word' id='word_1_239' title='bbox 337 3544 364 3588; x_wconf 90' lang='lat' dir='ltr'>et</span> <span class='ocrx_word' id='word_1_240' title='bbox 373 3551 406 3587; x_wconf 86' lang='lat' dir='ltr'>ex</span> <span class='ocrx_word' id='word_1_241' title='bbox 416 3534 549 3606; x_wconf 83' lang='lat' dir='ltr'>platonica</span> <span class='ocrx_word' id='word_1_242' title='bbox 556 3533 677 3588; x_wconf 88' lang='lat' dir='ltr'>doctrina</span> <span class='ocrx_word' id='word_1_243' title='bbox 731 3551 753 3586; x_wconf 87' lang='lat' dir='ltr'>c.</span> <span class='ocrx_word' id='word_1_244' title='bbox 767 3535 832 3588; x_wconf 84' lang='lat' dir='ltr'>haec</span> <span class='ocrx_word' id='word_1_245' title='bbox 846 3552 949 3606; x_wconf 90' lang='lat' dir='ltr'>quoque</span> <span class='ocrx_word' id='word_1_246' title='bbox 962 3535 1052 3606; x_wconf 85' lang='lat' dir='ltr'>paucis</span> <span class='ocrx_word' id='word_1_247' title='bbox 1067 3537 1198 3589; x_wconf 78' lang='lat' dir='ltr'>exscribit,</span> 
     </span>
     <span class='ocr_line' id='line_1_29' title="bbox 169 3618 1239 3690; baseline 0.003 -19"><span class='ocrx_word' id='word_1_248' title='bbox 169 3619 288 3672; x_wconf 76' lang='lat' dir='ltr'>idearum</span> <span class='ocrx_word' id='word_1_249' title='bbox 307 3635 353 3672; x_wconf 87' lang='lat' dir='ltr'>seu</span> <span class='ocrx_word' id='word_1_250' title='bbox 377 3630 503 3690; x_wconf 87' lang='lat' dir='ltr'>typorum</span> <span class='ocrx_word' id='word_1_251' title='bbox 532 3619 559 3671; x_wconf 90' lang='lat' dir='ltr'>in</span> <span class='ocrx_word' id='word_1_252' title='bbox 587 3630 678 3672; x_wconf 89' lang='lat' dir='ltr'>mente</span> <span class='ocrx_word' id='word_1_253' title='bbox 768 3619 810 3687; x_wconf 86' lang='lat'>(3)</span> <span class='ocrx_word' id='word_1_254' title='bbox 829 3618 884 3672; x_wconf 84' lang='lat' dir='ltr'>Cfr.</span> <span class='ocrx_word' id='word_1_255' title='bbox 906 3619 1023 3684; x_wconf 83' lang='lat' dir='ltr'>Il,4;id</span> <span class='ocrx_word' id='word_1_256' title='bbox 1039 3631 1127 3673; x_wconf 86' lang='lat' dir='ltr'>autem</span> <span class='ocrx_word' id='word_1_257' title='bbox 1144 3634 1170 3674; x_wconf 90' lang='lat' dir='ltr'>et</span> <span class='ocrx_word' id='word_1_258' title='bbox 1185 3621 1239 3674; x_wconf 87' lang='lat' dir='ltr'>Eu-</span> 
     </span>
     <span class='ocr_line' id='line_1_30' title="bbox 168 3701 1239 3774; baseline 0.002 -18"><span class='ocrx_word' id='word_1_259' title='bbox 168 3701 678 3770; x_wconf 79' lang='lat' dir='ltr'>Dei(Pleroma)exsistentium-Octo</span> <span class='ocrx_word' id='word_1_260' title='bbox 731 3717 787 3756; x_wconf 76' lang='lat' dir='ltr'>sen.</span> <span class='ocrx_word' id='word_1_261' title='bbox 807 3703 909 3774; x_wconf 80' lang='lat' dir='ltr'>(Proep.</span> <span class='ocrx_word' id='word_1_262' title='bbox 923 3705 971 3758; x_wconf 85' lang='lat' dir='ltr'>Eo.</span> <span class='ocrx_word' id='word_1_263' title='bbox 991 3704 1011 3768; x_wconf 91' lang='lat' dir='ltr'>l,</span> <span class='ocrx_word' id='word_1_264' title='bbox 1025 3705 1054 3774; x_wconf 84' lang='lat'>9)</span> <span class='ocrx_word' id='word_1_265' title='bbox 1067 3717 1093 3758; x_wconf 88' lang='lat' dir='ltr'>et</span> <span class='ocrx_word' id='word_1_266' title='bbox 1113 3706 1239 3758; x_wconf 79' lang='lat' dir='ltr'>Aucusr.</span> 
     </span>
     <span class='ocr_line' id='line_1_31' title="bbox 167 3785 1202 3859; baseline 0.001 -19"><span class='ocrx_word' id='word_1_267' title='bbox 167 3786 279 3840; x_wconf 81' lang='lat' dir='ltr'>nomina</span> <span class='ocrx_word' id='word_1_268' title='bbox 292 3787 319 3840; x_wconf 92' lang='lat' dir='ltr'>in</span> <span class='ocrx_word' id='word_1_269' title='bbox 332 3787 407 3840; x_wconf 80' lang='lat' dir='ltr'>binas</span> <span class='ocrx_word' id='word_1_270' title='bbox 419 3786 536 3841; x_wconf 82' lang='lat' dir='ltr'>tetradas</span> <span class='ocrx_word' id='word_1_271' title='bbox 548 3799 609 3840; x_wconf 87' lang='lat' dir='ltr'>sunt</span> <span class='ocrx_word' id='word_1_272' title='bbox 625 3787 678 3840; x_wconf 88' lang='lat' dir='ltr'>sin·</span> <span class='ocrx_word' id='word_1_273' title='bbox 732 3785 785 3853; x_wconf 85' lang='lat' dir='ltr'>(De</span> <span class='ocrx_word' id='word_1_274' title='bbox 802 3785 858 3839; x_wconf 82' lang='lat' dir='ltr'>Cio.</span> <span class='ocrx_word' id='word_1_275' title='bbox 875 3785 926 3838; x_wconf 80' lang='lat' dir='ltr'>Dei</span> <span class='ocrx_word' id='word_1_276' title='bbox 944 3787 990 3852; x_wconf 90' lang='lat' dir='ltr'>lV,</span> <span class='ocrx_word' id='word_1_277' title='bbox 1006 3790 1053 3855; x_wconf 89' lang='lat'>27)</span> <span class='ocrx_word' id='word_1_278' title='bbox 1070 3789 1202 3859; x_wconf 75' lang='lat' dir='ltr'>probatur¹</span> 
     </span>
     <span class='ocr_line' id='line_1_32' title="bbox 167 3871 1240 3943; baseline 0.001 -20"><span class='ocrx_word' id='word_1_279' title='bbox 167 3872 231 3942; x_wconf 72' lang='lat' dir='ltr'>gula</span> <span class='ocrx_word' id='word_1_280' title='bbox 249 3872 376 3924; x_wconf 77' lang='lat' dir='ltr'>attributa</span> <span class='ocrx_word' id='word_1_281' title='bbox 394 3871 444 3924; x_wconf 90' lang='lat' dir='ltr'>Dei</span> <span class='ocrx_word' id='word_1_282' title='bbox 469 3887 502 3924; x_wconf 85' lang='lat' dir='ltr'>ex</span> <span class='ocrx_word' id='word_1_283' title='bbox 521 3871 614 3943; x_wconf 85' lang='lat' dir='ltr'>quibus</span> <span class='ocrx_word' id='word_1_284' title='bbox 634 3888 677 3924; x_wconf 85' lang='lat' dir='ltr'>ae·</span> <span class='ocrx_word' id='word_1_285' title='bbox 768 3873 808 3937; x_wconf 87' lang='lat'>(4)</span> <span class='ocrx_word' id='word_1_286' title='bbox 828 3871 899 3924; x_wconf 79' lang='lat' dir='ltr'>Haec</span> <span class='ocrx_word' id='word_1_287' title='bbox 918 3873 1049 3925; x_wconf 82' lang='lat' dir='ltr'>sententia</span> <span class='ocrx_word' id='word_1_288' title='bbox 1068 3873 1174 3925; x_wconf 85' lang='lat' dir='ltr'>Basilidi</span> <span class='ocrx_word' id='word_1_289' title='bbox 1193 3873 1240 3926; x_wconf 89' lang='lat' dir='ltr'>tri-</span> 
     </span>
     <span class='ocr_line' id='line_1_33' title="bbox 168 3954 1239 4027; baseline 0.002 -19"><span class='ocrx_word' id='word_1_290' title='bbox 168 3954 306 4008; x_wconf 79' lang='lat' dir='ltr'>ternaliter</span> <span class='ocrx_word' id='word_1_291' title='bbox 336 3954 453 4008; x_wconf 79' lang='lat' dir='ltr'>subsistit</span> <span class='ocrx_word' id='word_1_292' title='bbox 492 3955 602 4027; x_wconf 85' lang='lat' dir='ltr'>Bythos,</span> <span class='ocrx_word' id='word_1_293' title='bbox 633 3956 677 4027; x_wconf 92' lang='lat' dir='ltr'>qui</span> <span class='ocrx_word' id='word_1_294' title='bbox 731 3956 787 4008; x_wconf 89' lang='lat' dir='ltr'>buit</span> <span class='ocrx_word' id='word_1_295' title='bbox 806 3955 895 4010; x_wconf 68' lang='lat' dir='ltr'>Hom:</span> <span class='ocrx_word' id='word_1_296' title='bbox 917 3957 989 4022; x_wconf 81' lang='grc' dir='ltr'>λέγει</span> <span class='ocrx_word' id='word_1_297' title='bbox 1014 3961 1081 4009; x_wconf 88' lang='grc' dir='ltr'>εἰνοιι</span> <span class='ocrx_word' id='word_1_298' title='bbox 1104 3959 1170 4010; x_wconf 73' lang='grc' dir='ltr'>θεὸν</span> <span class='ocrx_word' id='word_1_299' title='bbox 1189 3961 1239 4010; x_wconf 83' lang='grc' dir='ltr'>οὐκ</span> 
     </span>
     <span class='ocr_line' id='line_1_34' title="bbox 168 4037 1240 4110; baseline 0.001 -19"><span class='ocrx_word' id='word_1_300' title='bbox 168 4037 250 4110; x_wconf 78' lang='lat' dir='ltr'>igitur</span> <span class='ocrx_word' id='word_1_301' title='bbox 267 4037 344 4110; x_wconf 78' lang='lat' dir='ltr'>logice</span> <span class='ocrx_word' id='word_1_302' title='bbox 363 4050 402 4093; x_wconf 88' lang='lat' dir='ltr'>est</span> <span class='ocrx_word' id='word_1_303' title='bbox 422 4039 473 4092; x_wconf 80' lang='lat' dir='ltr'>illis</span> <span class='ocrx_word' id='word_1_304' title='bbox 491 4039 629 4110; x_wconf 87' lang='lat' dir='ltr'>posterior.</span> <span class='ocrx_word' id='word_1_305' title='bbox 732 4043 796 4092; x_wconf 82' lang='grc' dir='ltr'>ὄντα</span> <span class='ocrx_word' id='word_1_306' title='bbox 815 4040 920 4108; x_wconf 79' lang='lat' dir='ltr'>(Plrilos.</span> <span class='ocrx_word' id='word_1_307' title='bbox 941 4040 974 4104; x_wconf 89' lang='lat' dir='ltr'>X,</span> <span class='ocrx_word' id='word_1_308' title='bbox 1000 4042 1056 4108; x_wconf 87' lang='lat'>14):</span> <span class='ocrx_word' id='word_1_309' title='bbox 1082 4041 1114 4093; x_wconf 91' lang='lat' dir='ltr'>de</span> <span class='ocrx_word' id='word_1_310' title='bbox 1136 4041 1240 4092; x_wconf 86' lang='lat' dir='ltr'>Marco-</span> 
     </span>
     <span class='ocr_line' id='line_1_35' title="bbox 205 4123 1237 4192; baseline -0.001 -15"><span class='ocrx_word' id='word_1_311' title='bbox 205 4125 248 4192; x_wconf 86' lang='lat'>(1)</span> <span class='ocrx_word' id='word_1_312' title='bbox 267 4123 391 4177; x_wconf 79' lang='lat' dir='ltr'>imitatur</span> <span class='ocrx_word' id='word_1_313' title='bbox 408 4123 556 4177; x_wconf 89' lang='lat' dir='ltr'>Homerum</span> <span class='ocrx_word' id='word_1_314' title='bbox 577 4123 624 4192; x_wconf 88' lang='lat' dir='ltr'>(ll.</span> <span class='ocrx_word' id='word_1_315' title='bbox 645 4123 678 4188; x_wconf 86' lang='grc' dir='ltr'>ΙΙ,</span> <span class='ocrx_word' id='word_1_316' title='bbox 732 4124 776 4176; x_wconf 89' lang='lat' dir='ltr'>siis</span> <span class='ocrx_word' id='word_1_317' title='bbox 796 4143 821 4177; x_wconf 89' lang='lat' dir='ltr'>v.</span> <span class='ocrx_word' id='word_1_318' title='bbox 842 4123 923 4177; x_wconf 81' lang='lat' dir='ltr'>infra:</span> <span class='ocrx_word' id='word_1_319' title='bbox 942 4137 1059 4178; x_wconf 88' lang='lat' dir='ltr'>ceterum</span> <span class='ocrx_word' id='word_1_320' title='bbox 1082 4135 1108 4178; x_wconf 90' lang='lat' dir='ltr'>et</span> <span class='ocrx_word' id='word_1_321' title='bbox 1128 4125 1237 4176; x_wconf 85' lang='lat' dir='ltr'>nomina</span> 
     </span>
     <span class='ocr_line' id='line_1_36' title="bbox 171 4207 1239 4278; baseline 0 -18"><span class='ocrx_word' id='word_1_322' title='bbox 171 4209 244 4278; x_wconf 82' lang='lat'>235).</span> <span class='ocrx_word' id='word_1_323' title='bbox 269 4207 371 4261; x_wconf 84' lang='lat' dir='ltr'>Graece</span> <span class='ocrx_word' id='word_1_324' title='bbox 381 4207 625 4273; x_wconf 73' lang='grc' dir='ltr'>ίιιειίιιιῖιτίπονις</span> <span class='ocrx_word' id='word_1_325' title='bbox 635 4225 678 4260; x_wconf 85' lang='grc' dir='ltr'>σο·</span> <span class='ocrx_word' id='word_1_326' title='bbox 733 4211 854 4276; x_wconf 70' lang='grc' dir='ltr'>ἀρρητος,</span> <span class='ocrx_word' id='word_1_327' title='bbox 874 4211 1097 4276; x_wconf 80' lang='grc' dir='ltr'>ἀκατονόμαστος</span> <span class='ocrx_word' id='word_1_328' title='bbox 1116 4211 1239 4274; x_wconf 82' lang='grc' dir='ltr'>ἀνεννόη-</span> 
     </span>
    </p>
   </div>
   <div class='ocr_carea' id='block_1_5' title="bbox 0 0 1622 5062">
    <p class='ocr_par' dir='ltr' id='par_1_5' title="bbox 0 0 1622 5062">
     <span class='ocr_line' id='line_1_37' title="bbox 0 0 1622 5062; baseline 0 0"><span class='ocrx_word' id='word_1_329' title='bbox 0 0 1622 5062; x_wconf 95' lang='lat' dir='ltr'> </span> 
     </span>
    </p>
   </div>
  </div>
 </body>
</html>
