990 1433
412 198 483 210 smowsxs
683 198 713 214 3⁰5

181 247 270 263 minatio
282 251 306 263 est
318 251 335 263 ut
347 252 428 263 ramorum
440 246 500 263 arboris
510 246 551 263 unde
563 246 661 269 imperfectio
673 247 715 264 Aeo-

181 279 220 290 num
227 273 344 295 quorumdam?
351 273 364 290 si
372 272 437 290 demum
449 279 457 290 e
463 273 536 290 missio
548 277 565 289 ut
577 273 615 290 radii
627 279 636 290 2
648 273 681 290 sole
688 274 715 296 qui

182 300 254 322 ignorant
263 300 326 317 Patrem
336 305 345 316 a
353 305 386 322 quo
395 300 449 317 emissi
460 300 507 316 sunt?
535 299 578 320 Quid
591 299 675 317 absurdum
685 300 698 316 si
708 307 716 317 :i

181 326 293 349 perfectissima
302 327 356 343 Mente
364 326 429 343 verbum
438 332 503 343 caecum
511 326 602 343 emittetur?
622 326 682 343 XVIII.
690 326 716 344 De

181 353 237 375 Sophia
246 353 262 370 in
272 353 323 375 specie
331 358 359 370 cur
366 352 440 370 omnibus
450 353 470 369 in
476 359 483 369 s
489 353 493 369 i
499 353 545 375 pien
551 353 603 369 tior?
626 353 716 374 Quomodo

182 380 223 397 illius
231 379 315 397 reflexio
323 379 441 402 (Enthymesis)
447 384 517 402 separata
523 379 604 396 subsistit?
627 379 717 400 Quomodo

182 407 233 429 passio
248 407 307 423 Aeonis
326 406 410 428 spiritualis
430 406 518 423 materia
535 412 621 428 corporum
638 406 667 423 fit?
695 407 717 423 At

182 434 260 450 maxime:
277 439 305 450 cur
320 433 389 450 voluisse
403 434 466 450 Patrem
478 439 574 455 cognoscere
586 439 631 450 causa
643 432 660 450 fit
672 434 718 455 igno-

183 461 240 477 rantiae
247 465 262 477 er
268 460 401 482 imperfectionis?
420 460 465 477 XIX.
472 460 497 477 De
503 460 586 482 Demiurgo
592 459 657 477 demum
664 465 717 477 nonne

183 487 296 504 alienissimum
305 486 323 503 ab
331 487 376 503 omni
384 487 444 503 ratione
453 486 500 507 hunc,
512 487 538 509 qui
548 492 618 503 semen
627 492 676 503 omne
685 488 718 509 spi>

182 514 226 530 ritale
237 514 328 535 susceperit,
340 513 425 530 animalem
433 517 448 530 et
457 513 531 530 omnium
541 514 613 530 nescium
621 519 660 534 esse,
667 519 717 535 quum

182 541 212 562 ipsi
223 540 297 562 gnostici,
308 540 335 562 qui
350 540 423 562 pusillam
436 540 501 557 seminis
513 540 604 562 particulam
617 539 673 557 habere
682 540 718 562 glo-

183 567 247 587 riantur,
259 566 335 589 spiritales
347 567 378 583 sint
389 567 474 589 omniaque
486 567 584 589 intelligant?

257 638 279 652 111.
289 646 306 648 —
316 638 336 652 Dc
346 642 435 652 ausuum-ris
444 642 494 653 winus
504 638 573 652 Gnostici
582 639 644 652 Aeonum

325 664 386 674 sisa-tuti
396 664 466 674 furemur
475 660 573 678 (xx-XXIX).

217 700 241 723 A)
253 702 363 721 Argumenta
374 702 480 721 Scripturas.
504 700 541 717 XX.
554 700 648 718 Duodecimi
658 701 718 718 Aeonis

183 728 263 749 angustiae
275 733 311 744 cum
327 727 374 744 Iudae
388 727 476 744 desectione
487 732 503 744 et
514 728 583 744 maxime
595 733 632 744 cun-i
646 728 718 750 passione

184 754 250 771 Domini
260 754 282 771 nil
290 760 375 771 commune
381 754 431 771 habet.
455 754 500 771 XXI.
510 755 544 771 Nec
552 754 635 771 duodecim
645 755 719 777 Apostoli

183 785 230 803 typus
240 786 262 797 xii
273 781 356 797 Aeonum:
370 781 397 803 qui
410 781 453 798 enim
465 786 494 803 pro
506 786 517 797 x
529 780 610 798 Aeonibus
625 781 650 798 his
666 782 719 798 senio-

184 807 227 824 ribus
238 808 362 824 constituentur?
374 808 400 830 qui
414 808 477 826 Aeones
490 813 529 824 vero
542 813 571 830 pro
582 813 614 824 Lxx
626 807 717 830 discipulis?

184 835 210 856 qui
222 834 268 851 Aeon
284 840 312 856 pro
327 834 386 851 Paulo?
411 834 463 851 XXII.
479 834 554 857 Triginta
567 835 630 851 Aeones
646 840 679 851 xxx
690 841 719 851 an-

184 861 208 877 nis
219 861 260 877 vitae
270 860 329 878 Christi
339 866 371 877 non
381 861 498 883 significantur:
508 867 537 878 nec
547 861 589 878 cuim
600 861 673 878 Christus
679 861 719 878 duo-

184 887 246 904 decimo
255 892 289 910 post
297 887 392 910 baptismum
399 894 454 905 mense
460 894 514 910 passus
522 892 546 904 est
554 887 603 910 [quod
611 894 629 904 ex
637 888 667 905 ISA-
675 888 718 908 LXI,

185 919 194 931 2
206 914 298 936 neutiquam
313 914 407 937 ostenditur]
423 914 450 931 sed
462 914 518 931 saltem
530 919 551 931 xi.
564 920 606 931 anno
623 915 678 931 maior.
702 915 718 931 ld

184 941 257 957 Irenacus
271 941 363 958 testimonio
377 941 506 963 presbyterorum
517 945 532 958 et
546 947 564 958 ex
576 941 645 958 Mar-ru.
656 941 685 962 lx,
698 947 719 958 ιο

184 967 266 984 ostendere
275 967 333 984 nitixur.
357 967 417 984 XXIII-
425 967 509 984 Absonum
519 968 566 984 etiam
574 967 718 985 haemorrhoissam

185 993 216 1016 [Io.
226 994 268 1014 VIII,
279 994 305 1017 56]
313 998 369 1016 typum
379 1000 413 1011 esse
420 994 505 1016 perturbari
515 994 583 1014 Aeonis;
594 994 619 1011 illa
629 995 671 1011 enim
679 994 719 1011 duo-

184 1020 247 1037 decimo
263 1026 304 1037 anno
321 1027 353 1038 nun
371 1021 402 1043 pati
418 1021 481 1043 incepit,
494 1021 520 1038 sed
533 1025 585 1038 curata
597 1025 628 1041 est;
640 1025 719 1044 praeterea

185 1047 224 1064 alios
234 1048 264 1064 alia
275 1048 291 1064 in
301 1052 349 1065 aetate
361 1048 435 1065 Christus
446 1048 508 1065 sanitati
520 1048 591 1065 reddidit.

220 1101 240 1123 B)
252 1103 361 1122 Argumenta
371 1103 486 1118 arithmetica.
509 1102 570 1118 XXIV.
580 1102 622 1118 Haec
631 1102 647 1118 in
655 1101 719 1118 arbitrio

185 1128 282 1145 consistunt:
290 1127 328 1150 quid
335 1128 354 1145 de
362 1129 416 1150 Σιινιήρ
425 1128 444 1151 (=
453 1128 512 1151 1408)?
536 1129 616 1145 Praeterea
622 1134 650 1145 cur
655 1134 719 1151 graecae
