3288 5060
174 486 261 554 (vm,
280 485 379 554 ,app
614 484 704 532 mnan
724 485 837 531 antuus
1191 467 1250 549 189

173 676 293 766 aliquid
308 701 380 744 earn
397 676 563 758 dicturam,
578 698 687 743 rursus
702 677 897 766 quaternatio
912 678 1044 746 veniens
1060 678 1092 744 in
1109 677 1250 745 medium

173 786 233 854 ait:
259 785 447 873 Tamquam
472 781 708 871 contemptibile
726 785 840 871 putasti
855 806 925 850 esse
948 783 1091 863 verbum,
1106 782 1191 873 quod
1211 784 1248 852 ab

173 914 230 960 ore
252 892 407 958 Veritatis
426 888 549 960 audisti.
596 891 672 956 Non
690 891 752 956 hoc
775 888 860 980 quod
884 891 944 958 scis
967 907 998 956 et
1015 907 1104 978 putas
1123 889 1247 972 habere,

173 1000 255 1068 olim
289 1017 338 1066 est
361 1021 490 1066 nornen.
537 998 662 1064 Vocem
687 1000 771 1064 enim
807 1015 929 1066 tantum
953 997 1048 1064 habes
1079 1001 1156 1074 eius,
1186 999 1251 1065 vir-

174 1119 277 1170 tutem
298 1119 403 1170 autem
424 1103 560 1190 ignoras.
606 1102 694 1169 Iesus
717 1119 821 1169 autem
842 1119 888 1168 est
905 1103 1027 1190 insigne
1046 1126 1175 1184 nomen,
1196 1125 1250 1168 sex

173 1209 295 1278 habens
312 1209 464 1290 literas,(¹)
479 1207 517 1274 ab
534 1207 681 1276 omnibus
693 1210 747 1296 qui
763 1225 836 1275 sunt
850 1210 1025 1276 vocationis
1040 1209 1248 1296 cognitum.(²)

173 1316 254 1384 Illud
271 1334 378 1384 autem
393 1313 478 1404 quod
494 1333 541 1382 est
557 1315 636 1403 apud
647 1318 773 1382 Aeonas
787 1315 984 1396 Pleromatis,
996 1337 1096 1403 quum
1112 1317 1151 1382 sit
1166 1315 1249 1382 mul·

173 1422 317 1490 tifarium
335 1424 368 1476 (⁵)
395 1423 558 1504 exsistens,
589 1423 714 1490 alterius
742 1439 789 1488 est
813 1421 944 1502 formae,
968 1439 999 1489 et
1022 1422 1147 1488 alterius
1171 1424 1250 1510 typi,

172 1529 261 1618 quod
284 1529 469 1618 intelligitur
484 1527 522 1596 ab
545 1529 621 1617 ipsis
640 1531 693 1618 qui
718 1545 791 1595 sunt
807 1529 931 1617 cognati
961 1531 1038 1609 eius,
1052 1529 1086 1582 (4)
1111 1551 1249 1616 quorum

175 1636 411 1726 magnitudines
433 1635 513 1724 apud
538 1659 613 1703 eum
636 1653 709 1704 sunt
732 1658 867 1724 semper.

246 1767 275 1831 ς.
322 1743 428 1834 [WH.
460 1743 552 1824 VIII,
577 1744 622 1834 61.
668 1745 734 1810 Has
757 1745 861 1831 igitur,
885 1765 964 1830 quae
987 1744 1068 1831 apud
1088 1765 1146 1809 nos
1171 1760 1245 1810 sunt

174 1851 288 1938 viginti
312 1867 446 1937 quatuor
461 1849 578 1931 literae,
592 1851 807 1916 emanationes
822 1871 891 1916 esse
915 1849 1053 1938 intellige
1068 1851 1163 1915 trium
1184 1851 1250 1916 vir-

173 1974 282 2025 tutum
302 1957 495 2046 imaginales,
507 1956 541 2010 (5)
559 1980 666 2023 earum
684 1979 762 2045 quae
778 1957 940 2022 continent
960 1958 1153 2038 universum,
1170 1981 1249 2046 quae

175 2121 271 2203 miris-a
282 2119 392 2202 λέγειν,
403 2118 494 2182 πάλιν
509 2119 529 2202 ἡ
545 2121 705 2203 τετρακτὺς
716 2117 916 2202 παρελθοῦσα
930 2118 972 2194 εἰς
986 2121 1019 2182 τὸ
1035 2117 1128 2202 μέσον
1140 2119 1246 2203 φησίν·

173 2225 217 2302 ὡς
239 2222 501 2311 εὐκαταφρόνητοι
527 2225 634 2310 ἡγήσω
661 2228 711 2290 τὸν
739 2223 840 2308 λόγον,
865 2226 899 2288 ὃν
921 2226 982 2288 ἀπὸ
1011 2225 1167 2310 στομάτων
1195 2236 1250 2310 τῆς

176 2331 350 2416 Ἀληθείας
359 2334 509 2416 ίριουσοις·
523 2333 558 2396 οὐ
570 2329 669 2410 τοῦθ’,
681 2333 757 2416 ὅπερ
772 2332 856 2407 σίδας
870 2333 923 2393 καί
938 2331 1036 2408 tense
1050 2333 1143 2416 ἔχειν,
1155 2332 1249 2398 πάλαι

176 2439 259 2504 ἐστίν
266 2441 375 2523 ὄνομα·
384 2439 485 2521 φωνὴν
496 2440 554 2523 γὰρ
567 2435 657 2522 μόνον
668 2437 750 2522 ίχεις
761 2439 863 2518 αὐτοῦ,
875 2440 928 2521 τὴν
941 2437 974 2502 δὲ
987 2439 1110 2522 δύναμιν
1122 2442 1247 2524 ἀγνοεῖς.

176 2543 299 2630 Ἰησοῦς
321 2547 376 2628 μὲν
398 2544 457 2630 γάρ
479 2544 560 2608 ἐστιν
578 2544 725 2628 ἐπίσημον
740 2545 846 2628 ονομα,
861 2542 894 2621 ἓξ
910 2545 985 2628 ἔχον
998 2545 1171 2630 γρὲιμμοιτα,
1188 2548 1247 2612 ὑπὸ

175 2652 296 2716 πάντων
307 2659 366 2716 τῶν
376 2661 429 2735 της
442 2650 581 2734 κλήσεως
596 2649 827 2735 γινωσκόμενον.
868 2650 913 2715 Τὸ
929 2650 962 2714 δὲ
978 2654 1059 2734 παρὰ
1075 2662 1134 2730 τοῖς
1150 2653 1248 2718 Altior

176 2769 230 2823 τοῦ
254 2757 472 2844 Πληρίιματος,
494 2757 662 2842 πολυμερὲς
684 2757 844 2843 τυγχάνον,
864 2757 959 2842 ἄλλης
978 2759 1042 2823 ἔστί
1061 2769 1178 2844 μορφῆς
1195 2763 1249 2824 καί

176 2865 281 2950 ἑτέρου
296 2866 401 2946 virm,
415 2865 637 2950 γινωσκόμενον
652 2861 704 2928 ὑπ’
716 2865 837 2928 ἐκείνων
853 2873 911 2928 των
926 2875 1080 2949 συγγενῶν
1097 2867 1190 2929 αὐτοῦ
1207 2868 1250 2930 ὢν

175 2976 215 3036 τὰ
233 2972 353 3058 μεγέθη
372 2972 445 3058 παρ’
460 2974 540 3036 αὐτῶ
560 2973 624 3036 ἐστι
641 2973 690 3035 διὰ
708 2972 827 3048 παντὸς.

249 3099 276 3164 5.
291 3077 386 3144 Τοῦτ’
398 3081 450 3142 ουν
461 3081 501 3142 τὰ
511 3077 583 3162 rcap'
592 3079 661 3163 ὑμῖν
672 3077 901 3161 εἰκοσιτέσσαρα
912 3079 1075 3162 γράμματα
1087 3077 1248 3163 ἀπορροίας

175 3185 323 3270 ὑπάρχειν
334 3185 464 3270 γίνωσκε
476 3193 534 3250 τῶν
546 3193 632 3269 τριῶν
643 3183 796 3268 δυνάμεων
807 3185 966 3266 είκσνικὰς,
982 3192 1040 3248 τῶν
1053 3185 1247 3270 ἑμπεριοχου·

214 3367 258 3434 (ι)
276 3363 322 3418 Est
339 3365 386 3418 sel.
418 3382 523 3418 summa
547 3365 685 3418 literarum
774 3367 817 3436 (γ)
837 3365 883 3420 Gr.
903 3367 999 3438 legitur
1013 3370 1161 3439 πολυμιρίς
1175 3368 1246 3438 qnod

176 3449 688 3514 se111⁰u⁸uwo⁷⁰r⁴0⁰n200=88n
738 3462 791 3506 est:
814 3469 846 3505 er
869 3452 959 3504 multis
980 3452 1098 3522 partibus
1121 3463 1248 3506 constans

177 3533 197 3589 i.
215 3551 240 3588 e.
260 3547 313 3588 tres
332 3534 359 3599 8,
383 3551 430 3588 seu
448 3534 580 3590 restitutio
603 3535 684 3588 trium
740 3535 799 3604 (cir.
818 3535 842 3588 ll
862 3535 931 3602 fin).

177 3618 293 3689 partium
300 3619 458 3672 Pleromatis
467 3619 495 3672 in
505 3620 628 3674 eumdem
636 3636 684 3672 nu·
775 3623 817 3688 (4)
833 3620 851 3673 Ι.
868 3637 890 3673 e.
910 3637 924 3673 a
943 3621 1128 3691 pneumaticis,
1140 3622 1183 3692 qui
1202 3622 1247 3676 de·

177 3701 376 3769 merumlltcfr,
389 3701 480 3772 infra§
493 3717 550 3774 5,p.
564 3705 684 3774 r9osq.).
739 3705 868 3758 scendunt
890 3705 922 3758 ab
941 3705 1004 3775 ipsis
1029 3706 1131 3778 angelis
1149 3705 1246 3760 satelli·

215 3793 256 3854 (a)
277 3788 332 3844 λι.
351 3789 433 3843 etiarn
452 3789 621 3844 acatholicis
640 3789 684 3859 qui
739 3788 809 3842 tibus
838 3789 1062 3860 (magnitudines)
1091 3789 1136 3860 qui
1166 3789 1246 3842 simul

176 3889 274 3926 omnes
295 3873 328 3928 ad
356 3874 463 3944 gnosius
491 3885 639 3928 vocantur:
658 3873 686 3926 hi
739 3891 800 3925 cum
827 3874 912 3927 sidere
943 3872 1000 3926 lesu
1032 3873 1154 3945 prognati
1184 3885 1245 3926 seuit

175 3955 685 4029 quidenomnsscognomuntnomen
740 3957 768 4024 (l
784 3959 829 4024 c.).

179 4039 239 4094 lesu
255 4053 387 4112 quatenus
413 4039 429 4095 6
451 4041 578 4112 (graecis)
602 4042 686 4096 literis
776 4041 818 4112 (5)
834 4042 919 4113 Magis
947 4042 1082 4112 perspicue
1110 4041 1244 4094 vertisset:

176 4137 525 4197 corrstans;nonquatenus
534 4127 568 4180 ad
578 4128 686 4181 Aeonas
742 4143 823 4179 «esse
849 4126 1033 4180 emanationes
1059 4125 1245 4180 adumbrantes

179 4209 312 4264 radonem
329 4210 417 4264 habet
743 4221 819 4264 utres
838 4226 883 4262 eas
901 4210 1012 4263 virtutes
1028 4226 1095 4280 quae
1105 4209 1245 4264 continent
