3274 5100
347 477 410 542 354
633 477 761 523 renuant
784 477 944 524 Anveasus
968 478 1125 524 naereses
1261 477 1344 546 [xltt
1364 477 1414 541 5-8

344 674 410 760 ipse
433 672 547 752 radius
578 688 609 739 et
639 672 702 738 illic
731 671 897 739 ostendant
920 671 1083 739 subiacens
1115 673 1239 762 aliquid,
1264 675 1295 741 in
1326 674 1413 762 quod

345 779 480 845 emissus
506 795 553 844 est
580 801 689 845 sensns
713 779 785 860 Dei,
809 777 946 867 capabile
969 781 1036 846 eius
1060 796 1090 846 et
1122 781 1290 869 antiquius,
1337 782 1415 847 Post

344 884 510 972 oportebit,
523 883 792 972 quemadmodum
812 885 912 952 solem
929 887 1087 952 minorem
1106 909 1284 974 essequam
1303 890 1414 953 omnia

343 991 498 1074 videmus,
510 992 544 1045 (¹)
573 992 708 1080 longea
745 994 915 1080 semetipso
940 994 1134 1060 emittentem
1158 991 1272 1074 radioS,
1303 994 1348 1059 sic
1383 1011 1414 1059 et

344 1098 550 1185 Propatorem
573 1097 675 1165 dicere
695 1114 780 1166 extra
799 1115 828 1165 et
852 1099 947 1187 longe
969 1122 986 1164 a
1011 1100 1180 1188 semetipso
1201 1102 1344 1166 emisisse
1363 1121 1414 1166 ra·

343 1203 442 1270 dium.
490 1203 653 1286 Quidnam
678 1221 782 1271 autem
807 1222 891 1271 extra
915 1222 968 1272 aut
990 1206 1084 1294 longe
1104 1208 1211 1273 sentiri
1230 1229 1247 1272 a
1267 1207 1339 1273 Deo
1355 1230 1414 1294 po-

343 1327 414 1392 test,
437 1312 470 1377 in
488 1309 573 1398 quod
595 1310 719 1378 radium
739 1312 865 1377 emisit?

413 1420 441 1482 6.
467 1416 573 1508 [WH.
594 1417 687 1498 XVI,
710 1417 755 1508 2].
794 1417 826 1484 Si
853 1434 958 1483 autem
982 1441 1047 1484 non
1070 1419 1223 1484 emissum
1247 1435 1332 1484 extra
1356 1420 1412 1485 Pa·

343 1541 425 1589 trem
444 1523 534 1589 illum
558 1523 672 1605 dicant,
691 1523 745 1591 sed
768 1524 800 1589 in
824 1525 894 1611 ipso
909 1525 1019 1606 Patre;
1043 1526 1146 1614 primo
1162 1525 1288 1614 quidem
1304 1549 1413 1614 super-

343 1630 441 1697 fluum
467 1633 525 1697 erit
548 1632 642 1697 etiam
665 1630 767 1698 dicere
791 1633 945 1698 emissum
980 1655 1048 1698 esse
1083 1655 1176 1714 eum;
1202 1633 1412 1721 quemadmo-

342 1737 419 1804 dum
450 1738 535 1803 enim
567 1739 701 1804 emissus
725 1755 782 1818 est,
806 1739 832 1803 si
858 1738 965 1804 intra
989 1739 1115 1805 Patrem
1140 1740 1226 1805 erat?
1271 1740 1412 1806 Emissio

342 1846 427 1910 enirn
451 1860 498 1909 est
521 1845 599 1926 eius,
622 1842 706 1932 quod
730 1845 893 1924 emittitur,
917 1862 1033 1911 extra
1057 1846 1253 1911 emittentem
1279 1847 1410 1913 manife-

343 1952 478 2018 statos)
524 1952 600 2018 Post
615 1949 726 2018 deinde
743 1951 803 2018 hoc
819 1953 948 2034 emisso,
965 1969 995 2018 et
1018 1952 1112 2040 isqui
1132 1968 1178 2017 est
1194 1952 1231 2018 ab
1247 1975 1286 2019 eo
1302 1952 1412 2042 Logos

342 2059 399 2124 erit
422 2060 502 2124 intra
525 2059 668 2124 Patrem:
693 2058 835 2124 similiter
859 2075 964 2124 autem
995 2074 1025 2125 et
1049 2058 1184 2146 reliquae
1208 2058 1289 2146 Logi
1312 2061 1411 2126 emis-

343 2168 457 2233 siones.
503 2168 570 2233 Iam
600 2167 695 2254 igitur
725 2189 789 2233 non
822 2166 1010 2254 ignorabunt
1038 2167 1175 2246 Patrem,
1198 2190 1297 2254 quum
1329 2168 1409 2234 intra

342 2297 415 2339 eum
441 2273 518 2339 sint:
538 2296 595 2340 nec
615 2273 787 2340 secundum
808 2272 1046 2340 descensionem
1069 2275 1278 2340 emissionum
1303 2277 1410 2340 minus

341 2379 452 2467 aliquis
472 2397 642 2467 cognoscet
665 2403 750 2462 eum,
774 2377 910 2466 undique
934 2402 1047 2446 omnes
1074 2403 1091 2446 a
1123 2381 1214 2446 Patre
1241 2381 1410 2467 aequaliter

342 2487 544 2566 circumdati;
569 2487 622 2554 sed
647 2505 676 2552 et
700 2486 907 2574 impassibiles
930 2510 1043 2554 omnes
1062 2487 1208 2554 similiter
1231 2511 1409 2577 persevera-

342 2591 427 2674 bunt,
451 2615 550 2679 quum
576 2595 636 2658 sint
660 2593 693 2658 in
709 2593 844 2679 paternis
862 2591 1043 2671 visceribus,
1063 2609 1093 2658 et
1110 2593 1143 2657 in
1157 2591 1408 2659 deminoratione

340 2722 436 2765 nemo
449 2700 591 2784 ipsorum
604 2699 671 2763 erit.
718 2698 792 2764 Non
805 2699 889 2762 enim
906 2713 952 2763 est
966 2695 1175 2763 deminoratio
1189 2698 1293 2776 Pater;
1302 2697 1334 2750 (ἰ)
1347 2699 1408 2763 nisi

341 2805 431 2886 forte,
450 2805 536 2871 velut
559 2805 591 2871 in
615 2804 732 2871 circulo
757 2827 873 2892 magno
898 2805 1002 2870 minor
1022 2805 1199 2870 continetur
1212 2804 1357 2885 circulus,
1377 2821 1408 2870 et

340 2916 419 2980 intra
442 2915 524 2980 hunc
550 2936 656 2978 rursus
680 2912 756 2979 alter
772 2914 894 2991 minor;
911 2929 963 2978 aut
987 2912 1072 2978 velut
1095 2912 1242 3000 sphaerae
1262 2912 1409 2978 similitu-

339 3021 422 3101 dine,
446 3037 498 3086 aut
525 3020 690 3107 tetragoni,
714 3020 839 3085 Patrem
863 3016 967 3084 dicant
991 3019 1069 3084 intra
1093 3041 1127 3104 se
1151 3016 1286 3106 undique
1306 3020 1408 3084 conti-

339 3151 413 3193 nere
437 3128 583 3215 sphaerae
607 3125 856 3205 similitudinem,
876 3125 925 3190 vel
949 3125 1130 3215 quadratam
1146 3126 1295 3214 reliquam
1321 3126 1408 3191 Aeo-

340 3259 416 3300 num
436 3237 652 3314 emissionem,
676 3255 865 3320 unoquoque
889 3232 1015 3298 illorum
1031 3230 1225 3299 circumdato
1245 3231 1282 3298 ab
1297 3255 1335 3298 eo
1352 3233 1406 3320 qui

339 3359 385 3407 est
409 3365 500 3429 super
523 3365 596 3408 eum
616 3341 727 3420 maior,
751 3355 781 3404 et
804 3337 1017 3404 circumdante
1031 3362 1117 3419 eum,
1132 3341 1185 3426 qni
1206 3355 1276 3427 post
1299 3362 1333 3405 se
1347 3355 1406 3418 est,

339 3451 514 3528 minorem;
539 3464 569 3514 et
591 3464 716 3535 propter
736 3445 795 3511 hoc
817 3447 973 3512 minorem
993 3463 1023 3511 et
1039 3446 1187 3511 ultimum
1207 3445 1352 3512 omnium
1371 3445 1407 3511 in

374 3619 415 3686 (r)
435 3617 549 3672 Effectus
565 3635 612 3689 pro
627 3635 705 3670 cansa
718 3617 844 3680 innuitur,
898 3632 998 3672 sertum
1013 3631 1061 3672 est.
1071 3619 1257 3672 -Caeterum
1274 3617 1343 3673 Iren.
1359 3617 1407 3675 de-

338 3719 433 3772 uempe
452 3703 535 3756 solem
555 3703 733 3755 minusculum
752 3701 843 3764 videri,
898 3701 1046 3756 finitionem
1062 3719 1135 3756 mere
1147 3703 1281 3766 verbalem
1294 3704 1407 3755 emissio-

339 3801 367 3840 ut
383 3787 513 3840 indicetur
531 3788 571 3839 sol
589 3786 743 3857 longissime
765 3803 842 3838 ano·
898 3789 937 3841 nis
960 3789 1013 3854 dat,
1033 3805 1078 3842 seu
1097 3788 1210 3858 proprie,
1233 3799 1262 3840 ut
1284 3788 1406 3858 theologi

339 3874 377 3924 bis
397 3872 512 3925 dissitus.
897 3874 1049 3943 loquuntur,
1068 3872 1201 3926 missionis
1220 3871 1253 3924 ad
1273 3885 1356 3936 extra,
1375 3872 1405 3924 in

372 3958 414 4022 (2)
435 3955 484 4008 Hic
503 3955 535 4008 ad
548 3955 697 4026 marginem
711 3954 843 4026 scripserit
898 3973 977 4028 quem
992 3974 1099 4010 sensum
1112 3956 1157 4008 alii
1169 3955 1260 4009 Patres
1272 3956 1337 4008 haec
1350 3955 1406 4008 Ire-

337 4040 467 4111 quispiam
486 4040 619 4111 «quidest
630 4040 759 4092 emissio»
773 4039 842 4109 quod
897 4041 957 4094 naei
976 4041 1055 4094 verba
1074 4051 1240 4109 usurparunt.
1277 4037 1330 4091 Clr.
1342 4055 1367 4091 v.
1377 4055 1406 4109 g.

337 4125 461 4178 ascribis
483 4125 510 4177 in
535 4125 677 4196 epigraphe
696 4141 752 4194 cap.
771 4138 842 4177 xtnt
897 4123 1038 4178 Furorum
1057 4124 1090 4176 ad
1114 4123 1238 4177 Mennim.
1259 4121 1284 4176 6.

337 4207 396 4277 (cfr.
414 4208 481 4261 infra
495 4209 508 4278 ξ
522 4209 566 4278 ro)
581 4210 624 4262 hic
641 4209 789 4279 incipientis
803 4209 841 4262 in·
932 4214 974 4276 (ς)
986 4209 1016 4262 In
1025 4226 1078 4280 quo
1087 4208 1209 4262 videlicet
1220 4219 1280 4262 sunt
1289 4207 1405 4260 Aeones·
