3172 5044
486 444 599 492 CANON
623 445 753 492 IRENAEI
776 446 916 492 BIBLICUS
1194 447 1232 514 25

165 641 265 718 Belis
284 668 370 716 cum
390 642 569 716 Dracone
588 644 793 717 referentes
813 644 1026 718 recitantur.
1073 645 1234 719 Tobiam

164 783 311 840 tantum
327 767 495 841 nominat
509 766 547 839 in
562 792 707 841 canone
722 768 988 865 prophetarum
1011 793 1033 842 a
1048 769 1235 844 Sethianis

165 891 339 964 coniecto
366 891 409 985 (1,
434 914 494 984 30,
534 896 608 988 11),
640 890 702 964 ubi
732 891 845 964 etiam
872 893 1038 990 Aggaei,
1069 894 1232 978 Nahum,

163 1013 380 1112 Sophoniae
400 1015 552 1089 nomina
580 1016 697 1089 semel
717 1015 754 1087 in
774 1031 855 1088 toto
883 1041 997 1113 opere
1022 1033 1231 1090 occurrunt.

163 1141 217 1213 At
233 1140 270 1212 in
286 1165 402 1238 opere
417 1146 472 1222 Εἰς
487 1146 566 1211 toto.
590 1139 964 1238 Dodekapropheton
980 1139 1037 1214 bis
1053 1142 1231 1215 nominat.

164 1264 278 1337 Nulla
314 1265 468 1338 omnino
506 1263 645 1337 mentio
674 1265 715 1339 fit
743 1264 864 1348 Esto„
900 1265 1087 1360 Paralip„
1120 1265 1231 1352 Eccl.,

168 1389 278 1462 Cant.
312 1389 392 1484 [cir.
409 1405 537 1462 tamen
565 1415 645 1486 sup.
677 1392 815 1484 n.12],
848 1390 923 1473 Iob,
957 1391 1058 1462 Abd.
1090 1406 1127 1463 et
1155 1391 1234 1463 Ma·

163 1512 273 1586 chab.
331 1511 449 1586 Esrae
478 1511 530 1583 IV
557 1510 759 1610 agnovisse
789 1513 946 1586 fortasse
976 1539 1023 1586 ex
1043 1539 1234 1610 compara·

161 1636 269 1710 tione
298 1637 357 1721 111,
391 1661 434 1714 21
469 1662 554 1710 cum
582 1636 664 1710 Esr.
697 1637 758 1720 IV,
788 1643 987 1734 14'potest
1016 1639 1106 1723 erui,
1138 1656 1176 1713 at
1196 1639 1232 1712 in

161 1784 348 1833 canonem
376 1759 564 1856 recepisse
593 1761 821 1858 neutiquam.

246 1884 435 1978 Quattuor
463 1885 609 1983 Evang.
641 1883 796 1959 classico
825 1885 908 1958 loco
925 1887 1003 1982 (ΙΙΙ,
1032 1912 1062 1973 1,
1091 1884 1128 1988 1)
1156 1889 1233 1960 suis

161 2007 322 2106 singulis
335 2010 551 2083 auctoribus
566 2009 694 2082 tribuit
708 2035 752 2082 ac
768 2009 920 2107 insuper
934 2011 982 2083 ad
995 2009 1056 2084 illa
1071 2037 1101 2084 c.
1117 2016 1192 2082 626
1204 2011 1232 2048 ³⁸⁵

160 2150 361 2229 provocat;
383 2133 431 2206 ad
459 2136 561 2206 Acta
588 2159 679 2207 vero
711 2154 729 2225 5
737 2158 779 2227 3;
812 2135 907 2230 Epp.
934 2133 1036 2208 Pauli
1061 2135 1233 2232 (dempta

160 2283 263 2355 quae
291 2259 340 2330 ad
368 2257 522 2331 Philem.
545 2262 620 2356 est)
650 2285 723 2332 non
745 2258 868 2333 minus
895 2285 1009 2357 quam
1038 2265 1112 2331 266
1125 2259 1163 2345 ³⁶⁵,
1194 2275 1233 2332 at

161 2383 212 2454 de
245 2382 364 2455 Hebr.
401 2408 541 2480 paucas
579 2401 618 2457 et
645 2409 855 2479 anonymas
888 2384 1094 2458 sententias
1125 2384 1233 2461 affert

160 2502 248 2608 (cir.
270 2506 312 2589 ΙΙ,
337 2529 398 2600 30,
421 2531 463 2597 9;
487 2506 549 2592 IV,
579 2532 635 2592 11,
657 2511 711 2604 4),
743 2534 792 2581 ex
820 2533 894 2605 quo
923 2507 1000 2582 veri
1029 2508 1148 2585 simile
1178 2509 1229 2593 fit,

160 2631 267 2727 quod
282 2655 331 2704 ex
346 2630 539 2728 Stephano
554 2632 709 2706 Gobaro
724 2633 835 2706 refert
850 2632 1004 2706 Photius
1015 2634 1120 2728 (bibl.
1137 2658 1155 2704 2
1163 2637 1230 2729 32)

161 2755 262 2828 hanc
291 2754 486 2853 epistolam
506 2755 622 2830 Paulo
641 2756 874 2830 abiudicasse
890 2757 935 2829 ir.
985 2759 1078 2830 Item
1100 2758 1131 2828 11
1151 2759 1229 2830 Pet.
1344 2755 1381 2798 ’-

162 2879 237 2953 Iac.
268 2880 347 2953 Iud.
375 2881 491 2954 semel
517 2881 577 2954 vel
605 2882 738 2954 iterum
763 2881 968 2956 sententias
989 2881 1163 2965 imitatur,
1193 2900 1233 2954 at

163 3001 306 3077 nullum
320 3021 379 3077 est
393 3022 536 3078 certum
551 3005 727 3079 indicium
748 3032 812 3080 eas
827 3007 1007 3079 Nostrum
1028 3005 1230 3103 agnovisse

163 3128 247 3222 (cfr.
264 3155 299 3200 v.
322 3155 360 3226 g.
383 3128 445 3214 IV,
470 3136 526 3217 16,
548 3131 674 3216 231ac.
698 3130 740 3215 ΙΙ,
767 3155 785 3201 2
792 3133 846 3226 3):
866 3157 887 3203 e
908 3131 1088 3203 contraris
1108 3148 1187 3204 tum
1203 3130 1228 3214 Ι,

161 3267 242 3326 tum
281 3253 313 3324 11
352 3254 453 3328 Ioan.
495 3256 588 3350 (non
625 3255 676 3328 ita
714 3256 791 3351 ΙΙΙ),
833 3270 911 3328 111111
950 3257 1067 3350 Apoc.
1103 3254 1231 3328 Ioanni

161 3377 351 3476 Apostolo
387 3378 594 3476 perspicuis
629 3379 754 3452 verbis
789 3379 926 3452 tribuit.
987 3381 1047 3452 Ex
1074 3383 1228 3453 Pastore

162 3499 329 3574 Hermae
360 3504 546 3599 quaedam
576 3503 767 3602 attingens
796 3505 950 3600 (Mond.
974 3505 999 3588 Ι,
1027 3529 1065 3588 1;
1098 3504 1162 3588 XI,
1188 3529 1227 3597 3;

165 3627 261 3698 Sim.
285 3626 351 3710 IX,
380 3651 436 3713 12,
469 3629 507 3712 8;
539 3628 603 3701 cir.
625 3653 721 3725 resp.
743 3631 798 3702 A.
822 3630 875 3702 H.
898 3628 923 3713 Ι,
950 3653 1008 3713 21,
1039 3653 1075 3714 1;
1106 3653 1161 3720 13,
1187 3653 1229 3721 3;

164 3750 207 3834 ΙΙ,
232 3773 291 3844 30,
319 3755 374 3850 9),
411 3755 549 3826 Mand.
581 3754 623 3837 ΙΙ,
662 3777 691 3838 1,
728 3753 868 3828 inducit
904 3752 1062 3827 formula
1088 3762 1108 3845 ἡ
1132 3763 1232 3845 γραφὴ

162 3880 297 3966 ictuum
328 3878 409 3973 (cfr.
429 3878 532 3951 Bibl.
554 3904 625 3952 ser.
648 3880 674 3962 1,
696 3879 767 3952 vol.
791 3879 852 3964 IV,
875 3907 910 3977 p.
940 3883 1015 3977 17).

241 4001 381 4096 Quoad
402 4001 447 4075 V.
469 4001 703 4076 Testamenti
724 4004 916 4078 historiam
938 4004 1077 4077 nullum
1099 4004 1143 4074 Ir.
1176 4019 1233 4075 est

161 4125 314 4200 dubium
344 4129 577 4224 conscriptos
605 4155 689 4202 esse
717 4130 887 4228 singulos
914 4129 1030 4203 libros
1053 4130 1101 4202 ab
1130 4144 1228 4203 auct.
