3238 5090
372 515 433 583 392
658 518 785 565 menam
809 519 969 566 aurursus
992 497 1147 567 naereses
1284 520 1367 590 [xlx,
1387 519 1441 588 3-6

369 715 449 780 sicut
471 713 592 796 dicunt3
622 713 706 780 hunc
734 730 839 780 autem
870 714 968 781 semel
998 717 1185 802 universum
1212 718 1437 806 suscipientem

368 843 477 888 senten
500 845 516 887 a
540 821 652 903 Matre,
669 837 699 887 et
717 820 884 888 habentem
903 822 997 903 inse,
1016 823 1183 890 animalem
1211 845 1439 912 perseverasse,

367 945 398 995 et
413 927 490 994 nihil
505 928 538 994 in
554 941 657 995 totum
681 929 816 994 sensisse
839 950 950 994 eorum
974 951 1053 1016 quae
1073 947 1146 996 sunt
1169 933 1338 1018 superiora,
1357 954 1440 1019 quae

367 1035 399 1101 lri
419 1036 605 1122 semetipsos
628 1035 812 1124 intelligere,
832 1035 908 1102 dum
932 1033 1033 1103 adhuc
1053 1053 1123 1103 sunt
1140 1039 1279 1120 interra,
1299 1038 1440 1126 glorian-

366 1159 427 1224 tur,
446 1140 609 1231 quomodo
625 1141 686 1210 hoc
702 1165 767 1208 nou
783 1165 874 1230 super
898 1165 1029 1209 omnem
1053 1143 1354 1212 irrationabilitatem
1369 1147 1440 1212 est?

367 1247 492 1314 Etenim
511 1245 650 1336 idipsum
665 1271 774 1314 semen
789 1247 904 1315 horum
919 1249 1046 1336 quidem
1061 1250 1224 1317 animabus
1241 1252 1437 1339 agnitionem

368 1353 542 1422 attribuisse
561 1372 591 1421 et
609 1353 851 1443 perfectionem3
872 1357 900 1421 ei
915 1372 1020 1422 autem
1034 1356 1086 1444 qui
1102 1379 1156 1423 eos
1173 1355 1245 1424 fecit
1259 1357 1328 1424 Deo
1344 1359 1440 1446 igno-

367 1465 500 1528 rantiam
519 1463 694 1528 attribuisse
713 1476 831 1550 putare,
850 1483 924 1529 uere
942 1485 1133 1530 vesanorum
1152 1481 1210 1546 est,
1230 1481 1260 1530 et
1280 1466 1436 1532 intutum

367 1585 472 1636 mente
494 1569 727 1636 destitutorum.

433 1699 464 1761 4.
489 1676 667 1759 Quouooo
691 1694 876 1743 cournarna
895 1697 938 1742 ne
961 1697 1071 1744 uanae
1095 1699 1136 1742 er
1161 1697 1242 1743 atae
1261 1697 1330 1744 erus
1352 1699 1441 1744 cos-

365 1805 442 1851 sura
467 1805 712 1852 nncnuvunusr.
765 1783 878 1851 Adhuc
908 1787 1004 1851 etiam
1035 1785 1243 1851 vanissimum
1275 1802 1321 1852 est
1348 1783 1438 1874 quod

365 1891 483 1976 dicunt,
507 1893 539 1959 in
566 1891 622 1958 hac
653 1892 848 1980 depositione
879 1891 1007 1979 figurari
1042 1891 1116 1958 illud
1144 1910 1173 1958 et
1203 1913 1380 1980 augescere,
1406 1909 1437 1960 et

366 2015 507 2086 paratum
537 1997 603 2064 lieri
629 1997 667 2064 ad
694 1998 922 2085 susceptionem
956 1995 1109 2085 perfectae
1136 1998 1320 2064 antoniae)
1368 1999 1438 2065 Erit

367 2105 452 2171 enim
476 2105 504 2170 ei
531 2105 678 2172 materiae
708 2103 857 2171 admixtio
869 2105 902 2158 (²)
927 2127 1022 2192 quam
1046 2129 1084 2171 ex
1108 2107 1284 2193 ignorantia
1310 2123 1340 2172 et
1366 2105 1438 2172 labe

366 2211 478 2277 volunt
508 2209 652 2279 habuisse
676 2208 892 2293 substantiam,
923 2213 1024 2298 aptior
1052 2227 1082 2277 et
1110 2211 1225 2292 utilior,
1248 2233 1343 2298 quam
1375 2211 1438 2279 fuit

368 2333 530 2404 paternum
546 2315 653 2382 lumen
670 2317 826 2404 ipsorum:
847 2317 872 2381 si
891 2315 1018 2404 quidem
1038 2314 1211 2382 secundum
1230 2314 1314 2382 illius
1330 2316 1439 2403 inspe-

367 2425 504 2489 ctionem
529 2440 649 2505 natum,
668 2421 805 2489 informe
824 2439 854 2488 et
870 2421 1074 2510 infiguratum
1095 2421 1169 2488 fuit:
1194 2445 1232 2489 ex
1250 2421 1308 2488 hac
1328 2439 1438 2488 autem

367 2529 601 2611 formationem,
625 2546 655 2596 et
685 2531 831 2618 speciem,
855 2545 886 2596 et
916 2545 1132 2617 augmentum,
1156 2545 1186 2595 et
1209 2528 1436 2617 perfectionem

366 2639 545 2725 assumpsit.
592 2636 696 2727 [WH.
715 2635 837 2728 XXX]
885 2638 918 2704 Si
937 2638 1022 2703 enim
1046 2635 1129 2724 quod
1153 2652 1200 2702 est
1219 2660 1235 2702 a
1256 2637 1439 2702 Pleromate

367 2743 485 2824 lumen,
500 2767 592 2810 causa
608 2743 665 2809 fuit
680 2743 819 2831 spiritali,
839 2761 872 2809 ut
887 2767 986 2832 neque
1003 2743 1151 2825 formam,
1168 2765 1268 2830 neque
1284 2743 1438 2830 speciem,

365 2873 466 2938 neque
483 2849 732 2938 magnitudinem
748 2847 874 2916 haberet
889 2851 1067 2937 propriam;
1090 2871 1169 2938 quae
1184 2863 1290 2914 autem
1307 2849 1367 2915 huc
1388 2867 1439 2916 est

365 2957 538 3040 descensio,
557 2957 631 3024 haec
656 2959 800 3024 universa
823 2954 938 3024 addidit
962 2959 1002 3038 ei,
1021 2973 1051 3024 et
1074 2956 1112 3024 ad
1132 2956 1357 3044 perfectionem
1380 2955 1438 3024 de-

366 3061 463 3145 duxit,
487 3063 588 3129 multo
620 3061 807 3151 operabilior
830 3080 860 3129 et
884 3062 988 3129 utilior
1017 3060 1174 3129 videbitur
1203 3081 1282 3150 quae
1309 3078 1357 3128 est
1384 3061 1437 3129 hic

366 3172 573 3252 conuersatio,
592 3193 686 3259 quam
711 3187 741 3236 et
763 3169 906 3237 tenebras
929 3169 1047 3251 dicunt,
1066 3193 1162 3258 quam
1187 3167 1244 3236 fuit
1267 3185 1436 3256 paternum

367 3277 474 3343 lumen
493 3279 644 3365 ipsorum.
691 3276 868 3358 Quomodo
884 3294 989 3343 autem
1004 3299 1068 3343 non
1083 3279 1158 3361 (est)
1172 3275 1352 3355 ridiculum,
1367 3299 1437 3342 ma-

367 3403 447 3451 trem
471 3383 598 3472 quidem
618 3385 759 3470 ipsorum
783 3386 815 3451 in
839 3383 1003 3450 materiam
1027 3382 1232 3471 periclitatam
1254 3381 1368 3462 dicere,
1389 3383 1437 3446 uti

367 3515 463 3579 paene
482 3491 697 3574 suffocaretur,
721 3508 752 3557 et
771 3491 863 3578 paulo
886 3493 993 3556 minus
1010 3503 1274 3576 corrumperetur,
1297 3489 1358 3554 nisi
1380 3488 1436 3552 vix

367 3613 440 3664 tunc
456 3596 737 3685 superextendisset
757 3621 790 3662 se
806 3615 835 3663 et
854 3597 1007 3663 exsilisset
1023 3619 1060 3662 ex
1077 3596 1255 3682 semetipsa,
1271 3593 1436 3660 adiumen-

367 3723 434 3771 tum
455 3706 628 3792 percipiens
648 3728 664 3770 a
684 3706 787 3770 Patre:
799 3704 833 3758 (³)
852 3727 961 3770 senten
985 3719 1088 3769 autem
1108 3703 1175 3769 eius
1194 3703 1227 3768 in
1246 3701 1303 3767 bac
1324 3699 1435 3767 eadem

403 3921 443 3988 (r)
464 3919 536 3973 Haec
560 3935 663 3991 quoque
682 3929 774 3990 graece
793 3919 874 3973 habes
927 3915 1150 3990 quaml,rv,r,5.
1172 3915 1284 3968 Caetera
1293 3931 1358 3968 vero
1367 3931 1436 3985 quae

367 4004 410 4056 cit.
431 4005 451 4070 Ι,
470 4019 498 4072 ν,
516 4002 533 4056 6
553 4009 590 4074 (p.
614 4003 684 4073 113).
927 4014 1071 4074 sequuntur
1082 4003 1140 4072 lege
1153 4001 1196 4054 cit.
1210 4001 1230 4064 l,
1242 4015 1270 4066 v,
1283 3999 1300 4052 6
1319 4015 1380 4052 cum
1393 4000 1435 4052 his

403 4093 444 4156 (2)
464 4089 496 4142 H.
507 4105 529 4143 e.
541 4089 707 4143 conversatio
719 4100 780 4143 curn
792 4102 875 4142 mate·
926 4105 993 4160 quae
1012 4088 1044 4140 de
1063 4086 1193 4140 fermento
1209 4085 1331 4138 dicuntur
1344 4084 1434 4148 l,v1n,

368 4174 482 4226 rialibus.
519 4172 572 4226 Cfr.
584 4189 669 4244 praec.
680 4191 704 4244 p.
718 4185 874 4244 39r,not.3.
927 4187 952 4238 4,
963 4171 1064 4225 subfin.
1101 4171 1209 4243 Harvey
1222 4185 1254 4224 ex
1267 4169 1309 4223 his
1321 4168 1435 4239 explicat

405 4257 446 4330 (3)
465 4257 518 4312 Cfr.
537 4259 624 4330 potius
643 4258 663 4322 1,
680 4271 747 4322 xxx,
763 4273 774 4326 3
792 4269 818 4310 et
835 4272 875 4322 12,
927 4273 1027 4310 nomen
1046 4257 1171 4309 Pruna'cus
1186 4259 1214 4324 (a
1229 4255 1422 4322 πραινὲγκιιν).
