3238 5090
392 515 457 582 434
679 515 807 561 numm
830 515 991 560 xnvsxsus
1014 513 1169 560 nxexesns
1250 509 1389 582 [xxan
1412 529 1466 582 3·4

389 713 564 794 scientiam,
586 708 661 800 quid
686 710 759 776 mali
783 726 840 791 est,
864 709 890 776 si
921 726 952 776 et
986 731 1099 776 eorum
1132 733 1212 798 quae
1234 710 1268 777 in
1291 710 1464 798 Scripturis

388 819 598 907 requiruntur,
621 817 776 884 universis
806 816 976 903 Scripturis
1007 814 1197 903 spiritalibus
1226 816 1464 896 exsistentibus,

388 921 542 1014 quaedam
565 921 693 1011 quidem
710 919 905 988 absolvimus
921 921 1095 988 secundum
1119 924 1252 1010 gratiam
1277 922 1349 1001 Dei,
1365 947 1465 1012 quae-

390 1032 463 1098 dam
487 1046 592 1097 autem
616 1028 879 1096 commendamus
910 1029 999 1110 Deo;
1034 1044 1065 1094 et
1099 1027 1164 1095 nun
1198 1029 1304 1095 solum
1341 1031 1375 1096 in
1399 1030 1464 1096 hoc

389 1136 526 1216 sacculo,
550 1134 604 1202 sed
627 1151 658 1201 et
680 1136 713 1200 in
737 1134 860 1200 futuro:
885 1151 918 1200 ut
937 1156 1062 1217 semper
1079 1133 1207 1222 quidem
1231 1134 1320 1200 Deus
1337 1133 1462 1214 doceat,

390 1244 490 1310 homo
513 1260 618 1308 autem
642 1263 766 1328 semper
788 1239 887 1308 discat
905 1263 984 1328 quae
1008 1257 1121 1306 sunta
1144 1239 1276 1308 uentu>
1320 1242 1410 1309 Sicut
1431 1261 1463 1308 et

391 1347 563 1436 Apostolus
586 1345 675 1427 dixit,
699 1346 825 1434 reliquis
848 1343 989 1434 partibus
1010 1343 1186 1426 destructis,
1211 1345 1286 1412 haec
1298 1363 1374 1412 tunc
1390 1370 1461 1434 per-

391 1477 544 1536 severare,
567 1477 646 1542 quae
664 1468 748 1534 sunt,
764 1451 852 1532 fides,
868 1473 949 1540 spes,
965 1468 995 1518 et
1010 1453 1131 1518 caritas.
1143 1452 1177 1506 θ)
1222 1453 1352 1540 Semper
1371 1455 1462 1520 enim

392 1559 479 1642 fides,
502 1583 581 1648 quae
611 1575 658 1625 est
693 1557 732 1625 ad
766 1561 953 1646 magistrum
988 1575 1145 1641 nostrum,
1168 1576 1331 1646 permanet
1354 1560 1461 1642 firma,

391 1689 572 1734 asseverans
595 1663 686 1732 nobis
705 1665 857 1752 quoniam
873 1665 958 1730 solus
973 1687 1048 1731 vere
1063 1666 1168 1744 Deus;
1186 1681 1216 1732 et
1232 1682 1265 1732 ut
1288 1665 1462 1755 diligamus

392 1774 497 1840 Deum
520 1793 594 1838 vere
617 1793 751 1860 semper,
767 1771 917 1858 quoniam
934 1773 1000 1858 ipse
1015 1770 1102 1837 solus
1118 1772 1226 1854 Pater3
1245 1790 1276 1840 et
1294 1795 1461 1860 speremus

392 1876 522 1945 subinde
538 1878 607 1965 plus
620 1875 733 1965 aliquid
757 1877 907 1964 accipere,
930 1895 961 1943 et
983 1876 1103 1944 discere
1126 1901 1144 1944 a
1166 1879 1248 1959 Deo,
1264 1879 1336 1969 quia
1355 1877 1461 1947 bonus

392 2001 449 2067 cst,
473 2003 503 2051 et
522 1983 645 2052 divitias
661 1982 778 2050 habens
794 1983 1090 2064 indeterminabiles
1107 2001 1137 2051 et
1152 2008 1286 2074 regnum
1301 1986 1369 2053 sine
1385 1985 1461 2068 fine,

391 2109 422 2158 et
450 2091 647 2179 disciplinam
678 2093 880 2158 immensam.
935 2089 1040 2182 [WH.
1063 2090 1149 2174 XLI,
1174 2091 1219 2183 4].
1275 2093 1309 2160 Si
1341 2095 1463 2182 σιμοῦ)

391 2196 564 2265 secundum
588 2196 671 2263 bunc
695 2196 829 2264 modum
851 2219 946 2284 quern
973 2196 1123 2278 diximus,
1145 2197 1299 2286 quaedam
1329 2199 1462 2286 quidem

391 2307 611 2396 quaestionum
632 2305 702 2370 Deo
725 2305 998 2370 commiserimus:
1022 2319 1052 2370 et
1076 2301 1172 2371 fidem
1189 2320 1329 2371 nostram
1353 2329 1463 2372 serva-

392 2412 508 2494 bimus,
531 2427 562 2477 et
585 2412 653 2476 sine
669 2410 807 2498 periculo
822 2410 1103 2497 perseverabimus,
1122 2427 1152 2477 et
1170 2412 1276 2477 omnis
1299 2413 1461 2500 Scriptura

392 2543 409 2586 a
428 2520 498 2585 Deo
522 2515 613 2584 nobis
635 2516 705 2584 data
729 2539 907 2584 consonans
922 2514 1014 2584 nobis
1031 2517 1217 2598 invenietur,
1241 2533 1272 2584 et
1294 2518 1461 2606 parabolae

390 2705 443 2768 καὶ
464 2713 523 2768 τῶν
545 2703 577 2768 ἐν
600 2712 663 2778 ταῖς
687 2701 819 2785 Γραραῖς
840 2700 1040 2786 ζητουμένων,
1054 2701 1134 2766 δλινν
1148 2711 1206 2766 τῦν
1226 2702 1353 2786 Γραρῦν
1372 2725 1462 2768 πνευ-

391 2818 524 2894 ματικῶν
539 2809 749 2894 ὑπαρχουσῶν,
765 2808 830 2871 ἔνια
844 2809 898 2892 μὲν
913 2806 1076 2890 ὲιτιλύομεν
1089 2809 1170 2871 κατὰ
1185 2807 1272 2894 χάριν
1288 2806 1379 2890 Θεοῦ,
1395 2811 1462 2872 ἔνιοι

390 2917 424 2978 δὲ
440 2914 630 2979 ἀνανείοεται
645 2921 687 2997 τῷ
702 2911 782 2997 Θεῷ,
798 2915 851 2976 καὶ
864 2915 900 2977 οὐ
916 2910 1006 2998 μόνον
1025 2914 1057 2978 ἐν
1075 2923 1116 2998 τῷ
1134 2914 1196 2978 νῦνί
1213 2915 1296 2978 αἰῶνι
1310 2915 1392 2978 ἀλλὰ
1407 2919 1462 2979 καὶ

391 3023 423 3086 ὲν
437 3031 479 3106 τῷ
498 3021 654 3105 μέλλοντι·
673 3023 721 3085 ἵνα
740 3023 787 3084 del
806 3023 860 3104 μὲν
879 3021 895 3084 δ
914 3019 992 3099 Θεὸς
1010 3021 1148 3106 διδᾶσκη,
1167 3023 1327 3107 ἄνθρωπος
1345 3024 1379 3087 δὲ
1398 3022 1462 3087 δια·

390 3131 500 3204 παντὸς
519 3127 659 3212 μανθάνη
676 3129 759 3210 παρὰ
777 3125 872 3210 Θεοῦ,

459 3305 498 3370 ut
519 3307 573 3369 obv
593 3303 671 3369 καθ’
683 3305 717 3370 δν
750 3304 912 3389 εἰρήκαμεν
946 3301 1066 3390 τρόπον,
1096 3307 1160 3370 ἔνιοι
1189 3315 1248 3371 τῶν
1280 3307 1462 3392 ζητημάτων

392 3413 587 3497 ἀναθήσομεν
610 3419 651 3494 τῷ
675 3409 754 3494 Θεῷ,
777 3413 831 3476 καὶ
852 3414 906 3495 την
927 3413 1026 3477 πίστιν
1048 3413 1133 3496 ἡμῶν
1155 3411 1385 3498 διαρυλᾶξομεν,
1408 3417 1464 3477 καὶ

390 3518 540 3584 ἀκίνδυνοι
554 3519 760 3603 διαμενοῦμεν,
776 3521 830 3582 καὶ
844 3529 930 3583 πᾶσα
946 3519 1050 3603 Γραρὴ
1066 3517 1210 3604 δεδομένη
1223 3519 1292 3604 ἡμῖν
1307 3521 1367 3583 ἀπὸ
1379 3517 1463 3584 Θεοῦ

389 3625 549 3710 σύμφωνος
571 3625 640 3710 ἡμῖν
663 3624 872 3709 εὑρεθήσεται,
895 3627 948 3689 καὶ
970 3625 1001 3688 αἱ
1023 3625 1194 3712 παραβολαὶ
1219 3635 1279 3702 τοῖς
1302 3625 1463 3711 διαρρήδην

426 3819 469 3890 (1)
488 3819 561 3872 Inter
582 3817 728 3889 Scriptores
753 3817 897 3872 catholicos
952 3819 1076 3874 dicuntur
1106 3821 1192 3888 (deest
1222 3832 1315 3874 tamen
1347 3825 1404 3874 vuvt
1435 3823 1465 3874 in

391 3904 460 3957 lren.
484 3920 517 3956 ex
535 3902 681 3972 potioribus
706 3913 745 3956 est
761 3901 805 3972 qui
832 3901 898 3954 emi·
952 3920 1034 3957 verss.
1054 3907 1142 3975 sym).
1179 3904 1248 3958 Iren.
1274 3907 1329 3974 ipse
1347 3905 1465 3975 explicat

390 3989 510 4043 nentiam
531 3988 581 4041 Dei
600 4005 677 4058 super
690 4000 823 4040 creaturas
841 3999 898 4040 tarn
952 4005 1003 4059 qua
1017 3989 1121 4042 ratione
1133 3989 1203 4042 dicat
1216 3989 1266 4042 tria
1279 3989 1345 4042 baec
1358 4006 1466 4060 perma-

390 4077 480 4130 vivide
496 4077 640 4142 senserint;
662 4075 708 4129 cfr.
723 4091 791 4141 xxx,
806 4090 829 4128 2.
952 4089 1025 4126 nere.
1051 4072 1405 4128 Cir.Texrutt.Patient.12
1417 4073 1465 4127 fin.

429 4164 471 4231 (2)
489 4163 501 4215 1
522 4161 584 4216 Cor.
599 4161 671 4222 XIII,
689 4176 728 4230 ¹3·
765 4161 816 4214 Sed
834 4162 900 4214 haec
989 4161 1032 4227 (3)
1050 4157 1122 4211 Haec
1140 4175 1235 4229 graeca
1250 4175 1283 4211 ex
1295 4158 1391 4211 eodem
1403 4171 1466 4212 sunt

392 4247 448 4301 vuvl
469 4265 549 4312 nunc,
572 4264 628 4300 non
652 4253 709 4299 tunc
732 4261 901 4316 perseverare
955 4243 1028 4297 fonte
1047 4261 1099 4314 quo
1118 4242 1312 4313 praecedentia.
