3230 5062
150 438 180 502 (Ι,
203 437 292 506 5-6).]
580 438 669 483 LIBER
694 439 807 483 PRIMUS
1180 439 1218 503 95

150 630 1222 722 dem‚quodfirmatetconstabilit‚Cruce1nesse3secundumidver0‚

151 740 237 828 quod
250 738 362 805 dividit
373 757 403 804 et
414 737 537 819 scindit,
550 739 672 804 Horon.
681 740 715 792 (Ι)
749 738 944 804 Salvatorem
953 755 1056 805 autem
1070 742 1114 805 sic
1124 741 1226 806 mani-

153 847 284 912 festasse
307 845 506 932 operationes
529 845 614 911 eius:
638 863 668 912 et
692 847 796 932 primo
815 845 943 933 quidem
964 845 1225 925 confirmativam,

153 957 185 1020 in
209 978 249 1020 eo
268 953 353 1041 quod
376 952 468 1019 dicit:
500 954 595 1034 «Qui
611 976 675 1019 non
695 953 775 1018 tollit
791 975 918 1018 crucem
936 976 1025 1018 suam
1041 969 1070 1018 et
1086 955 1226 1040 sequitur

159 1089 173 1122 u
187 1085 251 1142 me,
264 1061 436 1148 discipulus
446 1083 536 1126 meus
553 1083 621 1126 esse
639 1083 704 1126 non
720 1075 866 1148 potest».
913 1059 952 1125 Et
968 1061 1099 1126 iterum:
1118 1087 1134 1122 ι(
1146 1059 1226 1126 ΤοΙ-

157 1168 255 1232 niens
280 1190 417 1247 crucem,
433 1189 563 1253 sequere
586 1190 638 1232 me
654 1195 681 1231 κ.
693 1167 726 1220 (²)
772 1167 985 1254 Separativam
1002 1182 1107 1232 autem
1131 1168 1162 1232 in
1185 1190 1224 1231 eo

155 1274 239 1362 quod
263 1275 357 1340 dicit:
384 1302 399 1337 ιι
417 1275 493 1340 Non
517 1275 586 1338 veni
612 1275 736 1338 mittere
752 1293 871 1360 pacem,
884 1272 938 1339 sed
957 1273 1139 1360 gladium».
1186 1273 1224 1338 Et

156 1381 307 1446 loannem
326 1381 434 1447 dicunt
458 1379 518 1444 iioc
542 1381 645 1466 ipsum
665 1378 892 1460 manifestasse,
912 1378 1085 1444 dicentem:
1111 1406 1127 1440 κ
1139 1380 1225 1444 Ven-

159 1486 335 1551 utilabrum
359 1487 391 1550 in
417 1508 511 1550 manu
535 1487 613 1565 eius,
630 1484 799 1552 emundare
822 1508 938 1562 aream,
955 1502 986 1549 et
1010 1485 1137 1571 colliget
1160 1483 1225 1550 fru-

163 1608 334 1657 umentum
358 1593 390 1657 in
414 1591 563 1657 horreum
588 1615 692 1672 suum,
712 1592 814 1678 paieas
838 1608 943 1657 autem
968 1589 1132 1656 comburet
1160 1592 1224 1678 igni

160 1696 447 1784 «inextinguibili»
464 1699 514 1777 ,(3)
532 1715 562 1764 et
577 1711 639 1786 'per
663 1698 737 1764 haec
762 1699 976 1785 operationem
1001 1699 1080 1763 Hori
1106 1697 1226 1784 signifi-

158 1829 253 1871 casse.
300 1805 519 1871 Ventilabrum
542 1807 628 1870 enim
649 1805 723 1870 illud
748 1827 874 1870 crucem
892 1807 1131 1892 interpretantur
1147 1827 1225 1884 esse,

158 1934 235 1998 quae
255 1912 373 1977 scilicet
389 1913 549 1977 consumit
568 1912 738 1977 materialia
757 1913 875 1992 omnin,
887 1910 1156 1998 quemadmodum
1173 1935 1227 1999 pa-

160 2017 220 2084 leas
243 2020 343 2107 ignis:
368 2017 516 2084 emundat
532 2035 638 2083 autem
657 2040 712 2083 eos
735 2019 787 2106 qui
803 2018 972 2099 salvantur,
992 2020 1073 2084 sicut
1095 2019 1227 2083 ventila-

161 2124 249 2190 brum
272 2127 422 2190 triticum.
471 2124 603 2189 Paulum
623 2141 728 2189 autem
753 2125 930 2211 apostolum
952 2141 981 2189 et
1001 2126 1105 2211 ipsum
1132 2125 1226 2189 remi-

160 2287 239 2369 ρζει,
256 2286 390 2369 Σταυρύν
407 2287 490 2366 εἶναι,
506 2286 589 2348 aaut
606 2286 638 2347 δὲ
658 2284 768 2370 μερίζει
791 2289 843 2348 καὶ
867 2287 994 2368 διορίζει,
1019 2285 1128 2369 Ὅρον·
1176 2289 1226 2348 cdv

160 2395 211 2476 μὲν
234 2392 363 2476 Σωτῆρα
385 2395 478 2468 οὕτως
500 2391 623 2477 λέγουσι
646 2393 848 2476 μεμηνυκέναι
871 2396 923 2467 τὰς
949 2391 1098 2475 ἐνεργείας
1115 2393 1223 2454 αὐτοῦ·
1311 2395 1319 2408 ’

159 2503 209 2562 καὶ
231 2509 348 2584 πρῶτον
370 2501 425 2584 μὲν
449 2503 503 2582 τὴν
521 2499 699 2582 ἑδραοτικὴν
717 2501 748 2562 ἐν
764 2508 806 2582 τῷ
822 2501 929 2563 εἰπεῖν·
957 2499 1226 2584 «rectractaret

166 2610 239 2670 «τὸν
257 2609 387 2690 σταυρὸν
404 2607 506 2686 αὑτοῦ,
529 2607 582 2670 καὶ
605 2606 773 2670 ἀκολουθεῖ
793 2629 851 2690 μοι,
877 2607 1016 2691 μαθητής
1041 2627 1099 2690 μου
1121 2608 1155 2669 οὐ
1179 2607 1225 2668 δύ-

165 2735 275 2776 «ναται
302 2715 423 2776 εἶναιυ·
469 2716 531 2795 mi,
562 2738 577 2773 ιι
590 2716 664 2798 ἄρας
694 2717 743 2776 τὸν
771 2717 898 2797 σταυρὸν
929 2713 1095 2776 ἀκολούθει
1126 2734 1175 2796 μοι
1190 2736 1224 2772 »-

159 2823 211 2904 τἠν
235 2821 269 2882 δὲ
297 2820 475 2904 διορισιικὴν
501 2823 594 2884 αὐτοῦ
620 2820 653 2883 ἐν
678 2829 719 2900 τῷ
747 2821 854 2884 εἰπεῖν·
888 2846 904 2881 ι(
920 2822 975 2883 οὐκ
1002 2821 1100 2902 ἦλθον
1126 2821 1226 2905 βαλεῖν

164 2927 317 3011 «εἰρήνην,
345 2927 426 2990 ἀλλὰ
452 2928 602 3011 μύχαιραν
618 2951 645 2991 υ.
693 2925 756 2992 Καὶ
781 2931 832 2991 τὸν
860 2926 1001 3011 Ἰωάννην
1028 2928 1061 2990 δὲ
1088 2925 1226 3011 λέγουσιν

159 3036 229 3096 αὐτὸ
247 3043 336 3097 τοῦτο
354 3032 566 3118 μεμηνυκέναι,
583 3034 722 3097 εἰπόντα·
742 3060 757 3096 ιι
772 3039 806 3098 τὸ
821 3035 917 3098 πτύον
932 3035 964 3098 ἐν
979 3045 1014 3118 τη
1031 3039 1109 3120 χειρὶ
1125 3037 1225 3116 αὐτοῦ,

161 3167 175 3200 «
190 3139 383 3223 διακαθαριεῖ
391 3143 446 3223 τὴν
457 3139 569 3221 ἅλωνα,
581 3142 634 3202 καὶ
645 3139 762 3216 ουνύξει
778 3144 829 3204 τὸν
844 3151 924 3204 σῖτον
941 3143 982 3217 εἰς,
997 3145 1050 3224 την
1062 3141 1226 3225 ἀποθήκην

161 3273 175 3306 ιι
189 3248 291 3324 αὐτοῦ,
315 3248 349 3308 τὸ
372 3247 405 3308 δὲ
428 3248 541 3330 ἄχυρον
569 3245 756 3310 κατακαύσει
784 3249 854 3329 πυρὶ
881 3247 1019 3333 ἀσβέστῳ
1037 3270 1071 3308 υ·
1099 3249 1151 3310 καὶ
1178 3247 1226 3310 διὰ

158 3354 261 3416 τούτου
276 3357 331 3436 τὴν
345 3352 495 3438 ἐνέργειαν
511 3364 562 3416 τοῦ
578 3353 673 3439 Ὄρου
689 3354 908 3437 μεμηνυκέναι·
941 3347 1047 3418 ’πτύον
1059 3357 1117 3439 γὰρ
1130 3357 1226 3418 ἐκεῖνο

158 3461 207 3522 τὸν
230 3459 364 3542 Σταυρον
387 3459 598 3543 ἑρμηνεύουσιν
621 3461 706 3539 εἶναι,
727 3462 759 3522 ὃν
775 3460 811 3543 δὴ
827 3462 879 3524 καὶ
898 3460 1068 3524 ἀναλίσκειν
1084 3465 1121 3524 τὰ
1136 3461 1226 3524 ὑλικολ

158 3564 265 3644 πάντα,
288 3564 329 3640 ὡς
352 3565 452 3648 ἄχυρα
474 3572 550 3648 πῦρ·
574 3565 732 3650 καθαίρειν
756 3565 788 3628 δὲ
811 3571 880 3642 τοὺς
908 3565 1104 3652 σωζομένους,
1129 3565 1169 3643 ὡς
1191 3570 1225 3629 τὸ

159 3669 248 3732 παύου
270 3673 321 3733 τὸν
342 3679 433 3736 σῖτον.
481 3669 604 3734 Παῦλον
633 3672 665 3734 δὲ
688 3676 739 3735 τὸν
763 3672 955 3737 Ἀπύστολον
978 3677 1030 3736 καὶ
1057 3677 1146 3736 αὺτὸν
1165 3674 1225 3736 ἐπι-

194 3829 235 3898 (ι)
246 3829 332 3882 Immo
346 3829 523 3883 duosHorous
533 3847 547 3882 a
559 3827 665 3882 Valent.
719 3833 855 3886 cod.Vat.1
866 3833 910 3886 sol.
924 3850 934 3902 3
945 3850 962 3886 n
973 3847 998 3886 et
1009 3832 1112 3887 Onoba
1126 3833 1170 3886 fol.
1181 3847 1225 3900 ςλ.

159 3914 264 3984 agnosci
284 3914 360 3967 docet
380 3914 418 3967 Ιιι.
438 3914 484 3976 XI,
508 3915 666 3970 1.-Puno
755 3919 797 3984 (2)
817 3917 882 3970 Luc
903 3917 975 3982 XIV,
996 3933 1036 3985 27,
1050 3931 1075 3971 et
1089 3919 1179 3970 hinne.
1192 3917 1226 3980 Χ,

162 4001 234 4065 (ssepi
244 4017 267 4052 τ.
282 4005 406 4066 κοσμοπ.)
428 4001 460 4054 de
473 4000 607 4070 horizonte
621 4002 667 4054 du·
722 4017 750 4054 21
760 4003 913 4070 (varietates
923 4020 1008 4072 graec.
1020 4004 1135 4073 insignes
1146 4008 1226 4064 sunt).

160 4083 251 4153 plicem
265 4085 332 4136 hanc
346 4085 471 4138 virtutem
482 4085 667 4139 asserio-In
756 4091 797 4154 (3)
817 4087 871 4140 Cir.
900 4105 967 4157 resp.
994 4087 1104 4138 Murra.
1125 4085 1158 4150 X,
1180 4101 1225 4154 343

160 4173 245 4226 latinis
270 4179 294 4226 ct
315 4173 405 4226 scindit
428 4173 550 4226 addimus
569 4186 668 4227 auctor.
721 4171 832 4223 Mnrrn.
853 4171 898 4236 111,
917 4187 947 4224 12
963 4171 1042 4238 (Luc,
1062 4171 1107 4235 ΙΙΙ,
1126 4173 1177 4238 17).
