<?xml version="1.0" encoding="UTF-8"?>
<!DOCTYPE html PUBLIC "-//W3C//DTD XHTML 1.0 Transitional//EN"
    "http://www.w3.org/TR/xhtml1/DTD/xhtml1-transitional.dtd">
<html xmlns="http://www.w3.org/1999/xhtml" xml:lang="en" lang="en">
 <head>
  <title>
</title>
<meta http-equiv="Content-Type" content="text/html;charset=utf-8" />
  <meta name='ocr-system' content='tesseract 3.04.00' />
  <meta name='ocr-capabilities' content='ocr_page ocr_carea ocr_par ocr_line ocrx_word'/>
</head>
<body>
  <div class='ocr_page' id='page_1' title='image "./adversushaerese00irengoog_0186.png"; bbox 0 0 3230 5062; ppageno 0'>
   <div class='ocr_carea' id='block_1_1' title="bbox 198 462 1265 554">
    <p class='ocr_par' dir='ltr' id='par_1_1' title="bbox 198 462 1265 554">
     <span class='ocr_line' id='line_1_1' title="bbox 198 462 1265 554; baseline -0.01 -16"><span class='ocrx_word' id='word_1_1' title='bbox 198 485 272 554; x_wconf 87' lang='lat' dir='ltr'>(vll,</span> <span class='ocrx_word' id='word_1_2' title='bbox 295 485 466 554; x_wconf 80' lang='lat' dir='ltr'>5-V111‚1).]</span> <span class='ocrx_word' id='word_1_3' title='bbox 624 483 713 533; x_wconf 77' lang='lat' dir='ltr'>tram</span> <span class='ocrx_word' id='word_1_4' title='bbox 737 485 851 532; x_wconf 77' lang='lat' dir='ltr'>narnus</span> <span class='ocrx_word' id='word_1_5' title='bbox 1208 462 1265 528; x_wconf 89' lang='lat'>181</span> 
     </span>
    </p>
   </div>
   <div class='ocr_carea' id='block_1_2' title="bbox 195 679 1271 1945">
    <p class='ocr_par' dir='ltr' id='par_1_2' title="bbox 197 679 1269 878">
     <span class='ocr_line' id='line_1_2' title="bbox 197 679 1269 771; baseline -0.004 -21"><span class='ocrx_word' id='word_1_6' title='bbox 197 700 266 750; x_wconf 89' lang='lat' dir='ltr'>rent</span> <span class='ocrx_word' id='word_1_7' title='bbox 290 685 439 765; x_wconf 86' lang='lat' dir='ltr'>iudicem,</span> <span class='ocrx_word' id='word_1_8' title='bbox 462 701 493 750; x_wconf 88' lang='lat' dir='ltr'>et</span> <span class='ocrx_word' id='word_1_9' title='bbox 517 684 622 750; x_wconf 84' lang='lat' dir='ltr'>statim</span> <span class='ocrx_word' id='word_1_10' title='bbox 646 684 780 771; x_wconf 89' lang='lat' dir='ltr'>eripiens</span> <span class='ocrx_word' id='word_1_11' title='bbox 799 705 854 748; x_wconf 92' lang='lat' dir='ltr'>eos</span> <span class='ocrx_word' id='word_1_12' title='bbox 869 682 901 748; x_wconf 91' lang='lat' dir='ltr'>in</span> <span class='ocrx_word' id='word_1_13' title='bbox 921 679 1094 748; x_wconf 80' lang='lat' dir='ltr'><strong>thalamum</strong></span> <span class='ocrx_word' id='word_1_14' title='bbox 1117 679 1215 762; x_wconf 86' lang='lat' dir='ltr'>duxit,</span> <span class='ocrx_word' id='word_1_15' title='bbox 1239 696 1269 746; x_wconf 86' lang='lat' dir='ltr'>et</span> 
     </span>
     <span class='ocr_line' id='line_1_3' title="bbox 197 789 579 878; baseline 0 -22"><span class='ocrx_word' id='word_1_16' title='bbox 197 789 334 858; x_wconf 86' lang='lat' dir='ltr'>reddidit</span> <span class='ocrx_word' id='word_1_17' title='bbox 357 793 422 856; x_wconf 88' lang='lat' dir='ltr'>suis</span> <span class='ocrx_word' id='word_1_18' title='bbox 445 791 579 878; x_wconf 79' lang='lat' dir='ltr'>sponsis</span> 
     </span>
    </p>

    <p class='ocr_par' dir='ltr' id='par_1_3' title="bbox 195 892 1271 1945">
     <span class='ocr_line' id='line_1_4' title="bbox 264 892 1268 988; baseline -0.003 -27"><span class='ocrx_word' id='word_1_19' title='bbox 264 917 297 984; x_wconf 91' lang='lat'>7.</span> <span class='ocrx_word' id='word_1_20' title='bbox 322 895 430 988; x_wconf 87' lang='lat' dir='ltr'><em>[WH.</em></span> <span class='ocrx_word' id='word_1_21' title='bbox 448 896 524 976; x_wconf 87' lang='lat' dir='ltr'><em>VII,</em></span> <span class='ocrx_word' id='word_1_22' title='bbox 547 895 592 986; x_wconf 73' lang='lat' dir='ltr'>⁶I·</span> <span class='ocrx_word' id='word_1_23' title='bbox 640 895 730 962; x_wconf 88' lang='lat' dir='ltr'>Talia</span> <span class='ocrx_word' id='word_1_24' title='bbox 755 912 860 962; x_wconf 91' lang='lat' dir='ltr'>autem</span> <span class='ocrx_word' id='word_1_25' title='bbox 884 892 1022 961; x_wconf 91' lang='lat' dir='ltr'>dicentes</span> <span class='ocrx_word' id='word_1_26' title='bbox 1041 911 1071 960; x_wconf 87' lang='lat' dir='ltr'>et</span> <span class='ocrx_word' id='word_1_27' title='bbox 1093 909 1268 981; x_wconf 82' lang='lat' dir='ltr'>operantes,</span> 
     </span>
     <span class='ocr_line' id='line_1_5' title="bbox 195 999 1270 1093; baseline -0.005 -24"><span class='ocrx_word' id='word_1_28' title='bbox 195 1019 225 1070; x_wconf 88' lang='lat' dir='ltr'>et</span> <span class='ocrx_word' id='word_1_29' title='bbox 250 1005 284 1070; x_wconf 95' lang='lat' dir='ltr'>in</span> <span class='ocrx_word' id='word_1_30' title='bbox 310 1004 358 1069; x_wconf 88' lang='lat' dir='ltr'>his</span> <span class='ocrx_word' id='word_1_31' title='bbox 376 1025 501 1093; x_wconf 89' lang='lat' dir='ltr'>quoque</span> <span class='ocrx_word' id='word_1_32' title='bbox 520 1023 598 1090; x_wconf 90' lang='lat' dir='ltr'>quae</span> <span class='ocrx_word' id='word_1_33' title='bbox 617 1018 689 1068; x_wconf 91' lang='lat' dir='ltr'>sunt</span> <span class='ocrx_word' id='word_1_34' title='bbox 708 1001 881 1068; x_wconf 89' lang='lat' dir='ltr'>secundum</span> <span class='ocrx_word' id='word_1_35' title='bbox 900 1023 959 1068; x_wconf 92' lang='lat' dir='ltr'>nos</span> <span class='ocrx_word' id='word_1_36' title='bbox 974 1001 1119 1088; x_wconf 88' lang='lat' dir='ltr'>regiones</span> <span class='ocrx_word' id='word_1_37' title='bbox 1142 999 1270 1067; x_wconf 83' lang='lat' dir='ltr'>Rhoda-</span> 
     </span>
     <span class='ocr_line' id='line_1_6' title="bbox 195 1107 1270 1195; baseline -0.005 -19"><span class='ocrx_word' id='word_1_38' title='bbox 195 1131 323 1191; x_wconf 89' lang='lat' dir='ltr'>nenses‚</span> <span class='ocrx_word' id='word_1_39' title='bbox 348 1109 463 1176; x_wconf 87' lang='lat' dir='ltr'>multas</span> <span class='ocrx_word' id='word_1_40' title='bbox 487 1107 676 1175; x_wconf 86' lang='lat' dir='ltr'>seduxerunt</span> <span class='ocrx_word' id='word_1_41' title='bbox 698 1107 858 1188; x_wconf 89' lang='lat' dir='ltr'>mulieres,</span> <span class='ocrx_word' id='word_1_42' title='bbox 880 1129 959 1195; x_wconf 87' lang='lat' dir='ltr'>quae</span> <span class='ocrx_word' id='word_1_43' title='bbox 983 1108 1165 1174; x_wconf 90' lang='lat' dir='ltr'>cauteriatas</span> <span class='ocrx_word' id='word_1_44' title='bbox 1193 1129 1270 1172; x_wconf 88' lang='lat' dir='ltr'>con-</span> 
     </span>
     <span class='ocr_line' id='line_1_7' title="bbox 195 1211 1268 1304; baseline -0.006 -20"><span class='ocrx_word' id='word_1_45' title='bbox 195 1217 345 1284; x_wconf 82' lang='lat' dir='ltr'>scientias</span> <span class='ocrx_word' id='word_1_46' title='bbox 367 1214 566 1296; x_wconf 78' lang='lat' dir='ltr'>habentes,&lt;¹)</span> <span class='ocrx_word' id='word_1_47' title='bbox 589 1212 741 1304; x_wconf 84' lang='lat' dir='ltr'>quaedam</span> <span class='ocrx_word' id='word_1_48' title='bbox 764 1213 892 1302; x_wconf 92' lang='lat' dir='ltr'>quidem</span> <span class='ocrx_word' id='word_1_49' title='bbox 920 1215 1015 1281; x_wconf 91' lang='lat' dir='ltr'>etiam</span> <span class='ocrx_word' id='word_1_50' title='bbox 1039 1215 1072 1280; x_wconf 90' lang='lat' dir='ltr'>in</span> <span class='ocrx_word' id='word_1_51' title='bbox 1102 1211 1268 1280; x_wconf 82' lang='lat' dir='ltr'>manifesto</span> 
     </span>
     <span class='ocr_line' id='line_1_8' title="bbox 195 1320 1269 1412; baseline -0.006 -23"><span class='ocrx_word' id='word_1_52' title='bbox 195 1323 463 1412; x_wconf 84' lang='lat' dir='ltr'>exhomologesin</span> <span class='ocrx_word' id='word_1_53' title='bbox 474 1321 600 1403; x_wconf 88' lang='lat' dir='ltr'>faciunt,</span> <span class='ocrx_word' id='word_1_54' title='bbox 609 1321 760 1412; x_wconf 85' lang='lat' dir='ltr'>quaedam</span> <span class='ocrx_word' id='word_1_55' title='bbox 774 1338 879 1388; x_wconf 90' lang='lat' dir='ltr'>autem</span> <span class='ocrx_word' id='word_1_56' title='bbox 891 1337 1068 1387; x_wconf 89' lang='lat' dir='ltr'>reverentes</span> <span class='ocrx_word' id='word_1_57' title='bbox 1077 1320 1137 1386; x_wconf 90' lang='lat' dir='ltr'>hoc</span> <span class='ocrx_word' id='word_1_58' title='bbox 1153 1321 1269 1408; x_wconf 90' lang='lat' dir='ltr'>ipsum,</span> 
     </span>
     <span class='ocr_line' id='line_1_9' title="bbox 195 1428 1269 1520; baseline -0.004 -22"><span class='ocrx_word' id='word_1_59' title='bbox 195 1433 228 1498; x_wconf 93' lang='lat' dir='ltr'>in</span> <span class='ocrx_word' id='word_1_60' title='bbox 248 1431 376 1498; x_wconf 89' lang='lat' dir='ltr'>silentio</span> <span class='ocrx_word' id='word_1_61' title='bbox 399 1433 517 1497; x_wconf 91' lang='lat' dir='ltr'>sensim</span> <span class='ocrx_word' id='word_1_62' title='bbox 541 1431 724 1520; x_wconf 88' lang='lat' dir='ltr'>semetipsas</span> <span class='ocrx_word' id='word_1_63' title='bbox 747 1429 918 1510; x_wconf 90' lang='lat' dir='ltr'>retrahunt,</span> <span class='ocrx_word' id='word_1_64' title='bbox 941 1428 1140 1517; x_wconf 83' lang='lat' dir='ltr'>desperantes</span> <span class='ocrx_word' id='word_1_65' title='bbox 1165 1451 1182 1493; x_wconf 91' lang='lat' dir='ltr'>a</span> <span class='ocrx_word' id='word_1_66' title='bbox 1205 1428 1269 1494; x_wconf 82' lang='lat' dir='ltr'>vita</span> 
     </span>
     <span class='ocr_line' id='line_1_10' title="bbox 196 1533 1268 1626; baseline -0.005 -22"><span class='ocrx_word' id='word_1_67' title='bbox 196 1537 306 1618; x_wconf 61' lang='lat' dir='ltr'>Dete&gt;</span> <span class='ocrx_word' id='word_1_68' title='bbox 332 1535 484 1626; x_wconf 86' lang='lat' dir='ltr'>quaedam</span> <span class='ocrx_word' id='word_1_69' title='bbox 507 1537 635 1625; x_wconf 92' lang='lat' dir='ltr'>quidem</span> <span class='ocrx_word' id='word_1_70' title='bbox 663 1538 697 1602; x_wconf 90' lang='lat' dir='ltr'>in</span> <span class='ocrx_word' id='word_1_71' title='bbox 726 1552 830 1603; x_wconf 90' lang='lat' dir='ltr'>totum</span> <span class='ocrx_word' id='word_1_72' title='bbox 860 1535 1092 1616; x_wconf 84' lang='lat' dir='ltr'>abscesserunt3</span> <span class='ocrx_word' id='word_1_73' title='bbox 1115 1533 1268 1623; x_wconf 82' lang='lat' dir='ltr'>quaedam</span> 
     </span>
     <span class='ocr_line' id='line_1_11' title="bbox 196 1641 1271 1732; baseline -0.004 -21"><span class='ocrx_word' id='word_1_74' title='bbox 196 1663 305 1711; x_wconf 88' lang='lat' dir='ltr'>autem</span> <span class='ocrx_word' id='word_1_75' title='bbox 330 1647 409 1712; x_wconf 87' lang='lat' dir='ltr'>inter</span> <span class='ocrx_word' id='word_1_76' title='bbox 432 1661 600 1732; x_wconf 87' lang='lat' dir='ltr'>utrumque</span> <span class='ocrx_word' id='word_1_77' title='bbox 623 1642 774 1726; x_wconf 89' lang='lat' dir='ltr'>dubitant,</span> <span class='ocrx_word' id='word_1_78' title='bbox 793 1659 824 1710; x_wconf 91' lang='lat' dir='ltr'>et</span> <span class='ocrx_word' id='word_1_79' title='bbox 841 1641 926 1731; x_wconf 94' lang='lat' dir='ltr'>quod</span> <span class='ocrx_word' id='word_1_80' title='bbox 950 1661 997 1710; x_wconf 91' lang='lat' dir='ltr'>est</span> <span class='ocrx_word' id='word_1_81' title='bbox 1019 1641 1177 1730; x_wconf 84' lang='lat' dir='ltr'>proverbii</span> <span class='ocrx_word' id='word_1_82' title='bbox 1199 1665 1271 1730; x_wconf 89' lang='lat' dir='ltr'>pas-</span> 
     </span>
     <span class='ocr_line' id='line_1_12' title="bbox 195 1747 1271 1840; baseline -0.006 -21"><span class='ocrx_word' id='word_1_83' title='bbox 195 1753 289 1819; x_wconf 54' lang='lat' dir='ltr'>sae&amp;</span> <span class='ocrx_word' id='word_1_84' title='bbox 312 1769 395 1833; x_wconf 88' lang='lat' dir='ltr'>sunt,</span> <span class='ocrx_word' id='word_1_85' title='bbox 418 1775 518 1840; x_wconf 90' lang='lat' dir='ltr'>neque</span> <span class='ocrx_word' id='word_1_86' title='bbox 541 1753 636 1833; x_wconf 90' lang='lat' dir='ltr'>intus,</span> <span class='ocrx_word' id='word_1_87' title='bbox 660 1772 760 1837; x_wconf 90' lang='lat' dir='ltr'>neque</span> <span class='ocrx_word' id='word_1_88' title='bbox 785 1749 860 1816; x_wconf 81' lang='lat' dir='ltr'>foris</span> <span class='ocrx_word' id='word_1_89' title='bbox 884 1751 1078 1829; x_wconf 63' lang='lat' dir='ltr'>exsistentes</span> <span class='ocrx_word' id='word_1_90' title='bbox 1096 1749 1180 1814; x_wconf 90' lang='lat' dir='ltr'>hunc</span> <span class='ocrx_word' id='word_1_91' title='bbox 1205 1747 1220 1814; x_wconf 86' lang='lat' dir='ltr'>f</span> <span class='ocrx_word' id='word_1_92' title='bbox 1255 1787 1271 1798; x_wconf 93' lang='lat'><em>-</em></span> 
     </span>
     <span class='ocr_line' id='line_1_13' title="bbox 195 1856 977 1945; baseline -0.004 -21"><span class='ocrx_word' id='word_1_93' title='bbox 195 1875 286 1925; x_wconf 88' lang='lat' dir='ltr'>ctum</span> <span class='ocrx_word' id='word_1_94' title='bbox 311 1857 458 1924; x_wconf 90' lang='lat' dir='ltr'>habentes</span> <span class='ocrx_word' id='word_1_95' title='bbox 482 1859 612 1924; x_wconf 92' lang='lat' dir='ltr'>seminis</span> <span class='ocrx_word' id='word_1_96' title='bbox 635 1856 773 1924; x_wconf 90' lang='lat' dir='ltr'>filiorum</span> <span class='ocrx_word' id='word_1_97' title='bbox 797 1858 977 1945; x_wconf 86' lang='lat' dir='ltr'>agnitionis.</span> 
     </span>
    </p>
   </div>
   <div class='ocr_carea' id='block_1_3' title="bbox 195 2051 1271 2347">
    <p class='ocr_par' dir='ltr' id='par_1_4' title="bbox 195 2051 1271 2347">
     <span class='ocr_line' id='line_1_14' title="bbox 269 2051 1270 2144; baseline -0.005 -23"><span class='ocrx_word' id='word_1_98' title='bbox 269 2055 348 2122; x_wconf 75' lang='lat' dir='ltr'>Car.</span> <span class='ocrx_word' id='word_1_99' title='bbox 362 2054 451 2132; x_wconf 86' lang='lat' dir='ltr'>XIV,</span> <span class='ocrx_word' id='word_1_100' title='bbox 465 2075 492 2120; x_wconf 92' lang='lat'>1.</span> <span class='ocrx_word' id='word_1_101' title='bbox 534 2052 639 2144; x_wconf 87' lang='lat' dir='ltr'><em>[WH.</em></span> <span class='ocrx_word' id='word_1_102' title='bbox 655 2051 749 2132; x_wconf 86' lang='lat' dir='ltr'><em>VIII,</em></span> <span class='ocrx_word' id='word_1_103' title='bbox 762 2051 804 2142; x_wconf 82' lang='lat' dir='ltr'>r].</span> <span class='ocrx_word' id='word_1_104' title='bbox 851 2053 1124 2134; x_wconf 78' lang='lat' dir='ltr'>Quanannonun</span> <span class='ocrx_word' id='word_1_105' title='bbox 1141 2071 1270 2125; x_wconf 79' lang='lat' dir='ltr'>Qurnan</span> 
     </span>
     <span class='ocr_line' id='line_1_15' title="bbox 195 2178 1271 2228; baseline -0.004 0"><span class='ocrx_word' id='word_1_106' title='bbox 195 2181 240 2228; x_wconf 74' lang='lat' dir='ltr'>ux</span> <span class='ocrx_word' id='word_1_107' title='bbox 267 2181 313 2228; x_wconf 79' lang='lat' dir='ltr'>ms</span> <span class='ocrx_word' id='word_1_108' title='bbox 336 2181 394 2227; x_wconf 73' lang='lat' dir='ltr'>nen</span> <span class='ocrx_word' id='word_1_109' title='bbox 417 2181 569 2227; x_wconf 75' lang='lat' dir='ltr'>nouenos</span> <span class='ocrx_word' id='word_1_110' title='bbox 591 2180 632 2226; x_wconf 77' lang='lat' dir='ltr'>m</span> <span class='ocrx_word' id='word_1_111' title='bbox 656 2180 715 2226; x_wconf 78' lang='lat' dir='ltr'>rna</span> <span class='ocrx_word' id='word_1_112' title='bbox 737 2179 891 2226; x_wconf 77' lang='lat' dir='ltr'>sratnms</span> <span class='ocrx_word' id='word_1_113' title='bbox 913 2179 954 2224; x_wconf 81' lang='grc' dir='ltr'>ετ</span> <span class='ocrx_word' id='word_1_114' title='bbox 978 2179 1037 2225; x_wconf 75' lang='lat' dir='ltr'>ren</span> <span class='ocrx_word' id='word_1_115' title='bbox 1055 2178 1188 2226; x_wconf 77' lang='lat' dir='ltr'>Lirenas</span> <span class='ocrx_word' id='word_1_116' title='bbox 1211 2178 1271 2224; x_wconf 88' lang='lat' dir='ltr'>co-</span> 
     </span>
     <span class='ocr_line' id='line_1_16' title="bbox 196 2285 1270 2347; baseline -0.005 -12"><span class='ocrx_word' id='word_1_117' title='bbox 196 2287 334 2335; x_wconf 75' lang='lat' dir='ltr'>naurun</span> <span class='ocrx_word' id='word_1_118' title='bbox 357 2287 578 2334; x_wconf 77' lang='lat' dir='ltr'>cousrrrumn</span> <span class='ocrx_word' id='word_1_119' title='bbox 603 2287 680 2347; x_wconf 75' lang='lat' dir='ltr'>ean,</span> <span class='ocrx_word' id='word_1_120' title='bbox 705 2287 794 2340; x_wconf 74' lang='lat' dir='ltr'>Quae</span> <span class='ocrx_word' id='word_1_121' title='bbox 817 2286 873 2331; x_wconf 74' lang='grc' dir='ltr'>εει</span> <span class='ocrx_word' id='word_1_122' title='bbox 890 2285 1065 2330; x_wconf 73' lang='lat' dir='ltr'>secundun</span> <span class='ocrx_word' id='word_1_123' title='bbox 1091 2285 1148 2331; x_wconf 80' lang='lat' dir='ltr'>nos</span> <span class='ocrx_word' id='word_1_124' title='bbox 1167 2285 1270 2332; x_wconf 81' lang='lat' dir='ltr'>anou-</span> 
     </span>
    </p>
   </div>
   <div class='ocr_carea' id='block_1_4' title="bbox 195 2425 1270 3470">
    <p class='ocr_par' dir='ltr' id='par_1_5' title="bbox 195 2425 1269 2618">
     <span class='ocr_line' id='line_1_17' title="bbox 195 2425 1269 2511; baseline -0.002 -19"><span class='ocrx_word' id='word_1_125' title='bbox 195 2427 405 2492; x_wconf 70' lang='grc' dir='ltr'>ἀνασπόισασα</span> <span class='ocrx_word' id='word_1_126' title='bbox 427 2428 545 2508; x_wconf 83' lang='grc' dir='ltr'>αὐτοὺς,</span> <span class='ocrx_word' id='word_1_127' title='bbox 569 2427 610 2504; x_wconf 81' lang='grc' dir='ltr'>εἰς</span> <span class='ocrx_word' id='word_1_128' title='bbox 632 2429 684 2491; x_wconf 80' lang='grc' dir='ltr'>τὀν</span> <span class='ocrx_word' id='word_1_129' title='bbox 705 2436 848 2511; x_wconf 72' lang='grc' dir='ltr'>νυμοῶνα</span> <span class='ocrx_word' id='word_1_130' title='bbox 875 2425 1030 2511; x_wconf 63' lang='grc' dir='ltr'>εἰσήγαγε,</span> <span class='ocrx_word' id='word_1_131' title='bbox 1054 2428 1107 2490; x_wconf 75' lang='grc' dir='ltr'>καὶ</span> <span class='ocrx_word' id='word_1_132' title='bbox 1129 2425 1269 2491; x_wconf 83' lang='grc' dir='ltr'>ἀπέδωκε</span> 
     </span>
     <span class='ocr_line' id='line_1_18' title="bbox 197 2533 552 2618; baseline 0 -20"><span class='ocrx_word' id='word_1_133' title='bbox 197 2543 261 2610; x_wconf 80' lang='grc' dir='ltr'>τοῖς</span> <span class='ocrx_word' id='word_1_134' title='bbox 279 2533 394 2599; x_wconf 82' lang='grc' dir='ltr'>ἑαυτῶν</span> <span class='ocrx_word' id='word_1_135' title='bbox 410 2533 552 2618; x_wconf 68' lang='grc' dir='ltr'>νυμφίοις.</span> 
     </span>
    </p>

    <p class='ocr_par' dir='ltr' id='par_1_6' title="bbox 197 2639 1270 3470">
     <span class='ocr_line' id='line_1_19' title="bbox 268 2639 1270 2727; baseline -0.001 -22"><span class='ocrx_word' id='word_1_136' title='bbox 268 2659 299 2726; x_wconf 88' lang='lat'>7.</span> <span class='ocrx_word' id='word_1_137' title='bbox 312 2640 446 2705; x_wconf 81' lang='grc' dir='ltr'>Τοιαῦτα</span> <span class='ocrx_word' id='word_1_138' title='bbox 457 2642 495 2724; x_wconf 76' lang='grc' dir='ltr'>δὴ</span> <span class='ocrx_word' id='word_1_139' title='bbox 507 2639 647 2727; x_wconf 77' lang='grc' dir='ltr'>λέγοντες</span> <span class='ocrx_word' id='word_1_140' title='bbox 657 2641 710 2704; x_wconf 80' lang='grc' dir='ltr'>καὶ</span> <span class='ocrx_word' id='word_1_141' title='bbox 723 2640 912 2724; x_wconf 68' lang='grc' dir='ltr'>πράττοντες,</span> <span class='ocrx_word' id='word_1_142' title='bbox 924 2642 976 2704; x_wconf 71' lang='grc' dir='ltr'>καὶ</span> <span class='ocrx_word' id='word_1_143' title='bbox 988 2641 1090 2716; x_wconf 76' lang='grc' dir='ltr'>ἐντοῖς</span> <span class='ocrx_word' id='word_1_144' title='bbox 1101 2639 1178 2704; x_wconf 72' lang='grc' dir='ltr'>καθ’</span> <span class='ocrx_word' id='word_1_145' title='bbox 1190 2641 1270 2725; x_wconf 66' lang='grc' dir='ltr'>ἡμᾶς</span> 
     </span>
     <span class='ocr_line' id='line_1_20' title="bbox 197 2745 1270 2832; baseline 0 -20"><span class='ocrx_word' id='word_1_146' title='bbox 197 2745 326 2832; x_wconf 74' lang='grc' dir='ltr'>κλίμασι</span> <span class='ocrx_word' id='word_1_147' title='bbox 337 2757 390 2832; x_wconf 69' lang='grc' dir='ltr'>τῆς</span> <span class='ocrx_word' id='word_1_148' title='bbox 404 2747 627 2830; x_wconf 78' lang='grc' dir='ltr'>Ῥοδανουσίας,</span> <span class='ocrx_word' id='word_1_149' title='bbox 644 2747 759 2823; x_wconf 76' lang='grc' dir='ltr'>πολλὰς</span> <span class='ocrx_word' id='word_1_150' title='bbox 774 2745 981 2832; x_wconf 60' lang='grc' dir='ltr'>ἐξηπατήκασι</span> <span class='ocrx_word' id='word_1_151' title='bbox 995 2757 1150 2831; x_wconf 79' lang='grc' dir='ltr'>γυναῖκας,</span> <span class='ocrx_word' id='word_1_152' title='bbox 1164 2749 1270 2824; x_wconf 82' lang='grc' dir='ltr'>αἵτινες</span> 
     </span>
     <span class='ocr_line' id='line_1_21' title="bbox 197 2851 1269 2940; baseline 0 -22"><span class='ocrx_word' id='word_1_153' title='bbox 197 2851 492 2938; x_wconf 80' lang='grc' dir='ltr'>κεκαυτηριασμὲναι</span> <span class='ocrx_word' id='word_1_154' title='bbox 513 2857 567 2937; x_wconf 73' lang='grc' dir='ltr'>τὴν</span> <span class='ocrx_word' id='word_1_155' title='bbox 590 2853 767 2938; x_wconf 75' lang='grc' dir='ltr'>συνείδησιν,</span> <span class='ocrx_word' id='word_1_156' title='bbox 792 2853 823 2918; x_wconf 81' lang='grc' dir='ltr'>αἱ</span> <span class='ocrx_word' id='word_1_157' title='bbox 846 2856 900 2940; x_wconf 81' lang='grc' dir='ltr'>μὲν</span> <span class='ocrx_word' id='word_1_158' title='bbox 922 2856 975 2918; x_wconf 82' lang='grc' dir='ltr'>καὶ</span> <span class='ocrx_word' id='word_1_159' title='bbox 997 2854 1039 2929; x_wconf 82' lang='grc' dir='ltr'>εἰς</span> <span class='ocrx_word' id='word_1_160' title='bbox 1057 2857 1183 2938; x_wconf 77' lang='grc' dir='ltr'>φανερὸν</span> <span class='ocrx_word' id='word_1_161' title='bbox 1208 2852 1269 2931; x_wconf 75' lang='grc' dir='ltr'>ἐξα</span> 
     </span>
     <span class='ocr_line' id='line_1_22' title="bbox 199 2959 1269 3046; baseline -0.001 -23"><span class='ocrx_word' id='word_1_162' title='bbox 199 2959 409 3046; x_wconf 73' lang='grc' dir='ltr'>μολογοῦιῃαι,</span> <span class='ocrx_word' id='word_1_163' title='bbox 433 2961 464 3022; x_wconf 77' lang='grc' dir='ltr'>αἱ</span> <span class='ocrx_word' id='word_1_164' title='bbox 486 2961 519 3023; x_wconf 80' lang='grc' dir='ltr'>δὲ</span> <span class='ocrx_word' id='word_1_165' title='bbox 542 2959 770 3044; x_wconf 80' lang='grc' dir='ltr'>δυσωπούμεναι</span> <span class='ocrx_word' id='word_1_166' title='bbox 792 2967 889 3042; x_wconf 79' lang='grc' dir='ltr'>τοῦτο,</span> <span class='ocrx_word' id='word_1_167' title='bbox 913 2960 1015 3044; x_wconf 71' lang='grc' dir='ltr'>ἡσυχῆ</span> <span class='ocrx_word' id='word_1_168' title='bbox 1032 2960 1065 3024; x_wconf 85' lang='grc' dir='ltr'>δέ</span> <span class='ocrx_word' id='word_1_169' title='bbox 1081 2983 1145 3037; x_wconf 86' lang='grc' dir='ltr'>πως</span> <span class='ocrx_word' id='word_1_170' title='bbox 1160 2959 1269 3038; x_wconf 80' lang='grc' dir='ltr'>ἑαυτὰς</span> 
     </span>
     <span class='ocr_line' id='line_1_23' title="bbox 198 3063 1269 3151; baseline 0.002 -23"><span class='ocrx_word' id='word_1_171' title='bbox 198 3065 399 3150; x_wconf 82' lang='grc' dir='ltr'>ἀπηλπικυῖαι</span> <span class='ocrx_word' id='word_1_172' title='bbox 416 3075 469 3149; x_wconf 72' lang='grc' dir='ltr'>τῆς</span> <span class='ocrx_word' id='word_1_173' title='bbox 483 3066 562 3151; x_wconf 79' lang='grc' dir='ltr'>ζωῆς</span> <span class='ocrx_word' id='word_1_174' title='bbox 577 3075 629 3131; x_wconf 86' lang='grc' dir='ltr'>τοῦ</span> <span class='ocrx_word' id='word_1_175' title='bbox 645 3063 735 3148; x_wconf 83' lang='grc' dir='ltr'>Θεοῦ,</span> <span class='ocrx_word' id='word_1_176' title='bbox 755 3067 830 3130; x_wconf 77' lang='grc' dir='ltr'>ἔνιαι</span> <span class='ocrx_word' id='word_1_177' title='bbox 848 3068 903 3149; x_wconf 78' lang='grc' dir='ltr'>μὲν</span> <span class='ocrx_word' id='word_1_178' title='bbox 922 3067 963 3142; x_wconf 78' lang='grc' dir='ltr'>εἰς</span> <span class='ocrx_word' id='word_1_179' title='bbox 981 3070 1015 3130; x_wconf 83' lang='grc' dir='ltr'>τὸ</span> <span class='ocrx_word' id='word_1_180' title='bbox 1034 3067 1179 3142; x_wconf 83' lang='grc' dir='ltr'>παντελὲς</span> <span class='ocrx_word' id='word_1_181' title='bbox 1197 3065 1269 3130; x_wconf 82' lang='grc' dir='ltr'>ἀπέ-</span> 
     </span>
     <span class='ocr_line' id='line_1_24' title="bbox 198 3171 1270 3258; baseline 0.002 -24"><span class='ocrx_word' id='word_1_182' title='bbox 198 3193 325 3257; x_wconf 68' lang='grc' dir='ltr'>στησαν,</span> <span class='ocrx_word' id='word_1_183' title='bbox 348 3173 423 3236; x_wconf 78' lang='grc' dir='ltr'>ἔνιαι</span> <span class='ocrx_word' id='word_1_184' title='bbox 445 3171 478 3236; x_wconf 81' lang='grc' dir='ltr'>δέ</span> <span class='ocrx_word' id='word_1_185' title='bbox 501 3171 780 3258; x_wconf 79' lang='grc' dir='ltr'>ἑπαμφοτερίζουσι.</span> <span class='ocrx_word' id='word_1_186' title='bbox 796 3174 849 3236; x_wconf 82' lang='grc' dir='ltr'>καὶ</span> <span class='ocrx_word' id='word_1_187' title='bbox 866 3177 967 3256; x_wconf 80' lang='grc' dir='ltr'><strong>τὸτῆς</strong></span> <span class='ocrx_word' id='word_1_188' title='bbox 983 3173 1142 3256; x_wconf 82' lang='grc' dir='ltr'>παροιμίας</span> <span class='ocrx_word' id='word_1_189' title='bbox 1160 3173 1270 3237; x_wconf 75' lang='lat' dir='ltr'>nendu-</span> 
     </span>
     <span class='ocr_line' id='line_1_25' title="bbox 198 3263 1269 3365; baseline 0 -23"><span class='ocrx_word' id='word_1_190' title='bbox 198 3279 286 3360; x_wconf 80' lang='grc' dir='ltr'>θασι,</span> <span class='ocrx_word' id='word_1_191' title='bbox 302 3279 378 3362; x_wconf 82' lang='grc' dir='ltr'>μήτε</span> <span class='ocrx_word' id='word_1_192' title='bbox 394 3277 460 3360; x_wconf 79' lang='grc' dir='ltr'>ἔξω,</span> <span class='ocrx_word' id='word_1_193' title='bbox 478 3279 552 3364; x_wconf 76' lang='grc' dir='ltr'>μήτε</span> <span class='ocrx_word' id='word_1_194' title='bbox 566 3280 629 3343; x_wconf 77' lang='grc' dir='ltr'>ἔσω</span> <span class='ocrx_word' id='word_1_195' title='bbox 644 3281 742 3360; x_wconf 76' lang='grc' dir='ltr'>οὖσαι,</span> <span class='ocrx_word' id='word_1_196' title='bbox 758 3279 867 3363; x_wconf 73' lang='grc' dir='ltr'>ταύτην</span> <span class='ocrx_word' id='word_1_197' title='bbox 881 3281 1007 3363; x_wconf 77' lang='grc' dir='ltr'>ἔχουσαι</span> <span class='ocrx_word' id='word_1_198' title='bbox 1022 3281 1076 3363; x_wconf 74' lang='grc' dir='ltr'>τὴν</span> <span class='ocrx_word' id='word_1_199' title='bbox 1089 3263 1269 3365; x_wconf 73' lang='grc' dir='ltr'>ἐπικαρπίαν</span> 
     </span>
     <span class='ocr_line' id='line_1_26' title="bbox 199 3383 890 3470; baseline 0 -21"><span class='ocrx_word' id='word_1_200' title='bbox 199 3393 255 3449; x_wconf 75' lang='grc' dir='ltr'>τοῦ</span> <span class='ocrx_word' id='word_1_201' title='bbox 273 3383 444 3470; x_wconf 82' lang='grc' dir='ltr'>σπέρματος</span> <span class='ocrx_word' id='word_1_202' title='bbox 460 3395 519 3450; x_wconf 81' lang='grc' dir='ltr'>τῶν</span> <span class='ocrx_word' id='word_1_203' title='bbox 538 3384 651 3450; x_wconf 81' lang='grc' dir='ltr'>τέκνων</span> <span class='ocrx_word' id='word_1_204' title='bbox 669 3395 721 3470; x_wconf 80' lang='grc' dir='ltr'>τῆς</span> <span class='ocrx_word' id='word_1_205' title='bbox 739 3385 890 3470; x_wconf 80' lang='grc' dir='ltr'>γνώσεως.</span> 
     </span>
    </p>
   </div>
   <div class='ocr_carea' id='block_1_5' title="bbox 201 3545 1269 4292">
    <p class='ocr_par' dir='ltr' id='par_1_7' title="bbox 204 3545 1269 3774">
     <span class='ocr_line' id='line_1_27' title="bbox 204 3545 1268 3618; baseline 0.004 -23"><span class='ocrx_word' id='word_1_206' title='bbox 204 3564 219 3595; x_wconf 81' lang='grc' dir='ltr'>α</span> <span class='ocrx_word' id='word_1_207' title='bbox 229 3560 308 3616; x_wconf 86' lang='lat' dir='ltr'>quarn</span> <span class='ocrx_word' id='word_1_208' title='bbox 327 3545 370 3615; x_wconf 93' lang='lat' dir='ltr'>qui</span> <span class='ocrx_word' id='word_1_209' title='bbox 388 3558 502 3616; x_wconf 85' lang='lat' dir='ltr'>gestaret</span> <span class='ocrx_word' id='word_1_210' title='bbox 522 3561 616 3599; x_wconf 89' lang='lat' dir='ltr'>omnes</span> <span class='ocrx_word' id='word_1_211' title='bbox 635 3545 708 3599; x_wconf 88' lang='lat' dir='ltr'>vide·</span> <span class='ocrx_word' id='word_1_212' title='bbox 762 3546 884 3599; x_wconf 87' lang='lat' dir='ltr'>diximus.</span> <span class='ocrx_word' id='word_1_213' title='bbox 914 3546 950 3598; x_wconf 94' lang='lat' dir='ltr'>Id.</span> <span class='ocrx_word' id='word_1_214' title='bbox 962 3547 989 3598; x_wconf 90' lang='lat' dir='ltr'>in</span> <span class='ocrx_word' id='word_1_215' title='bbox 1002 3555 1037 3618; x_wconf 77' lang='lat' dir='ltr'>ep.</span> <span class='ocrx_word' id='word_1_216' title='bbox 1052 3563 1093 3618; x_wconf 80' lang='lat'>29,</span> <span class='ocrx_word' id='word_1_217' title='bbox 1104 3547 1137 3599; x_wconf 82' lang='lat' dir='ltr'>ad</span> <span class='ocrx_word' id='word_1_218' title='bbox 1151 3545 1268 3599; x_wconf 73' lang='lat' dir='ltr'>IIreodor.</span> 
     </span>
     <span class='ocr_line' id='line_1_28' title="bbox 205 3628 1268 3702; baseline 0.003 -22"><span class='ocrx_word' id='word_1_219' title='bbox 205 3629 282 3693; x_wconf 76' lang='lat' dir='ltr'>«bat,</span> <span class='ocrx_word' id='word_1_220' title='bbox 301 3628 356 3698; x_wconf 88' lang='lat' dir='ltr'>ipse</span> <span class='ocrx_word' id='word_1_221' title='bbox 378 3639 467 3682; x_wconf 86' lang='lat' dir='ltr'>autem</span> <span class='ocrx_word' id='word_1_222' title='bbox 489 3631 590 3683; x_wconf 91' lang='lat' dir='ltr'>nemini</span> <span class='ocrx_word' id='word_1_223' title='bbox 609 3631 708 3702; x_wconf 87' lang='lat' dir='ltr'>perspi·</span> <span class='ocrx_word' id='word_1_224' title='bbox 799 3633 842 3698; x_wconf 90' lang='lat'>(2)</span> <span class='ocrx_word' id='word_1_225' title='bbox 862 3631 965 3684; x_wconf 82' lang='lat' dir='ltr'>Allusio</span> <span class='ocrx_word' id='word_1_226' title='bbox 995 3632 1027 3684; x_wconf 91' lang='lat' dir='ltr'>ad</span> <span class='ocrx_word' id='word_1_227' title='bbox 1054 3631 1140 3702; x_wconf 81' lang='lat' dir='ltr'>Ephes.</span> <span class='ocrx_word' id='word_1_228' title='bbox 1161 3630 1206 3696; x_wconf 92' lang='lat' dir='ltr'>IV,</span> <span class='ocrx_word' id='word_1_229' title='bbox 1230 3631 1268 3684; x_wconf 88' lang='lat'>18.</span> 
     </span>
     <span class='ocr_line' id='line_1_29' title="bbox 206 3711 1269 3774; baseline 0.004 -11"><span class='ocrx_word' id='word_1_230' title='bbox 206 3728 327 3774; x_wconf 73' lang='lat' dir='ltr'>«cuusa3</span> <span class='ocrx_word' id='word_1_231' title='bbox 347 3711 484 3767; x_wconf 76' lang='lat' dir='ltr'>Ettasnus.</span> <span class='ocrx_word' id='word_1_232' title='bbox 764 3715 850 3768; x_wconf 88' lang='lat' dir='ltr'>Habes</span> <span class='ocrx_word' id='word_1_233' title='bbox 870 3715 913 3768; x_wconf 92' lang='lat' dir='ltr'>hic</span> <span class='ocrx_word' id='word_1_234' title='bbox 929 3715 998 3769; x_wconf 91' lang='lat' dir='ltr'>unde</span> <span class='ocrx_word' id='word_1_235' title='bbox 1016 3715 1141 3768; x_wconf 90' lang='lat' dir='ltr'>ostendas</span> <span class='ocrx_word' id='word_1_236' title='bbox 1157 3715 1269 3768; x_wconf 86' lang='lat' dir='ltr'>necessi·</span> 
     </span>
    </p>

    <p class='ocr_par' dir='ltr' id='par_1_8' title="bbox 201 3795 1269 4292">
     <span class='ocr_line' id='line_1_30' title="bbox 238 3795 1269 3872; baseline 0.003 -23"><span class='ocrx_word' id='word_1_237' title='bbox 238 3797 280 3865; x_wconf 84' lang='lat' dir='ltr'>(r)</span> <span class='ocrx_word' id='word_1_238' title='bbox 300 3795 387 3849; x_wconf 89' lang='lat' dir='ltr'>Verba</span> <span class='ocrx_word' id='word_1_239' title='bbox 403 3797 471 3867; x_wconf 88' lang='lat' dir='ltr'>apud</span> <span class='ocrx_word' id='word_1_240' title='bbox 490 3797 501 3850; x_wconf 96' lang='grc' dir='ltr'>Ι</span> <span class='ocrx_word' id='word_1_241' title='bbox 525 3797 589 3851; x_wconf 71' lang='lat' dir='ltr'>Tim</span> <span class='ocrx_word' id='word_1_242' title='bbox 609 3799 655 3864; x_wconf 88' lang='lat' dir='ltr'>IV,</span> <span class='ocrx_word' id='word_1_243' title='bbox 680 3813 708 3864; x_wconf 89' lang='lat' dir='ltr'>t;</span> <span class='ocrx_word' id='word_1_244' title='bbox 762 3810 846 3852; x_wconf 90' lang='lat' dir='ltr'>tatem</span> <span class='ocrx_word' id='word_1_245' title='bbox 862 3800 894 3851; x_wconf 90' lang='lat' dir='ltr'>ad</span> <span class='ocrx_word' id='word_1_246' title='bbox 909 3800 1022 3872; x_wconf 88' lang='lat' dir='ltr'>salutem</span> <span class='ocrx_word' id='word_1_247' title='bbox 1038 3800 1196 3852; x_wconf 86' lang='lat' dir='ltr'>sacramenti</span> <span class='ocrx_word' id='word_1_248' title='bbox 1207 3817 1269 3869; x_wconf 90' lang='lat' dir='ltr'>poe-</span> 
     </span>
     <span class='ocr_line' id='line_1_31' title="bbox 203 3881 1267 3949; baseline 0.002 -16"><span class='ocrx_word' id='word_1_249' title='bbox 203 3896 243 3934; x_wconf 87' lang='lat' dir='ltr'>res</span> <span class='ocrx_word' id='word_1_250' title='bbox 256 3892 346 3934; x_wconf 85' lang='lat' dir='ltr'>autem</span> <span class='ocrx_word' id='word_1_251' title='bbox 359 3881 493 3935; x_wconf 87' lang='lat' dir='ltr'>simillima</span> <span class='ocrx_word' id='word_1_252' title='bbox 506 3881 529 3934; x_wconf 88' lang='lat'>11</span> <span class='ocrx_word' id='word_1_253' title='bbox 544 3881 608 3935; x_wconf 83' lang='lat' dir='ltr'>Tim.</span> <span class='ocrx_word' id='word_1_254' title='bbox 620 3883 665 3949; x_wconf 89' lang='lat'>111,</span> <span class='ocrx_word' id='word_1_255' title='bbox 679 3881 708 3947; x_wconf 87' lang='grc'>6;</span> <span class='ocrx_word' id='word_1_256' title='bbox 762 3883 903 3944; x_wconf 86' lang='lat' dir='ltr'>nitentiae;</span> <span class='ocrx_word' id='word_1_257' title='bbox 922 3900 952 3936; x_wconf 87' lang='lat' dir='ltr'>ac</span> <span class='ocrx_word' id='word_1_258' title='bbox 967 3883 1046 3936; x_wconf 87' lang='lat' dir='ltr'>simul</span> <span class='ocrx_word' id='word_1_259' title='bbox 1061 3882 1267 3936; x_wconf 82' lang='lat' dir='ltr'>satisfactionem</span> 
     </span>
     <span class='ocr_line' id='line_1_32' title="bbox 202 3963 1269 4035; baseline 0.004 -19"><span class='ocrx_word' id='word_1_260' title='bbox 202 3963 235 4017; x_wconf 86' lang='lat' dir='ltr'>de</span> <span class='ocrx_word' id='word_1_261' title='bbox 259 3963 364 4018; x_wconf 82' lang='lat' dir='ltr'>seminis</span> <span class='ocrx_word' id='word_1_262' title='bbox 389 3965 416 4018; x_wconf 90' lang='lat' dir='ltr'>in</span> <span class='ocrx_word' id='word_1_263' title='bbox 434 3965 545 4020; x_wconf 89' lang='lat' dir='ltr'>historia</span> <span class='ocrx_word' id='word_1_264' title='bbox 563 3967 707 4020; x_wconf 84' lang='lat' dir='ltr'>haereseon</span> <span class='ocrx_word' id='word_1_265' title='bbox 764 3968 857 4035; x_wconf 86' lang='lat' dir='ltr'>(etiam</span> <span class='ocrx_word' id='word_1_266' title='bbox 874 3967 1080 4034; x_wconf 88' lang='lat' dir='ltr'>confessionem)</span> <span class='ocrx_word' id='word_1_267' title='bbox 1091 3968 1117 4020; x_wconf 92' lang='lat' dir='ltr'>in</span> <span class='ocrx_word' id='word_1_268' title='bbox 1128 3966 1269 4020; x_wconf 77' lang='lat' dir='ltr'>manifesto</span> 
     </span>
     <span class='ocr_line' id='line_1_33' title="bbox 201 4046 1269 4122; baseline 0.003 -22"><span class='ocrx_word' id='word_1_269' title='bbox 201 4046 248 4102; x_wconf 83' lang='lat' dir='ltr'>cfr.</span> <span class='ocrx_word' id='word_1_270' title='bbox 259 4047 380 4102; x_wconf 72' lang='lat' dir='ltr'>Hieron.</span> <span class='ocrx_word' id='word_1_271' title='bbox 398 4049 438 4120; x_wconf 85' lang='grc' dir='ltr'>(ιίι</span> <span class='ocrx_word' id='word_1_272' title='bbox 449 4047 499 4103; x_wconf 84' lang='lat' dir='ltr'>Isu.</span> <span class='ocrx_word' id='word_1_273' title='bbox 514 4067 535 4104; x_wconf 92' lang='lat' dir='ltr'>c.</span> <span class='ocrx_word' id='word_1_274' title='bbox 549 4050 648 4118; x_wconf 85' lang='lat' dir='ltr'>LXIV)</span> <span class='ocrx_word' id='word_1_275' title='bbox 664 4052 707 4122; x_wconf 92' lang='lat' dir='ltr'>qui</span> <span class='ocrx_word' id='word_1_276' title='bbox 765 4069 811 4122; x_wconf 86' lang='lat' dir='ltr'>pro</span> <span class='ocrx_word' id='word_1_277' title='bbox 838 4052 994 4122; x_wconf 89' lang='lat' dir='ltr'>quibusdam</span> <span class='ocrx_word' id='word_1_278' title='bbox 1022 4052 1184 4115; x_wconf 80' lang='lat' dir='ltr'>criminibus,</span> <span class='ocrx_word' id='word_1_279' title='bbox 1212 4050 1269 4103; x_wconf 89' lang='lat' dir='ltr'>offi—</span> 
     </span>
     <span class='ocr_line' id='line_1_34' title="bbox 201 4132 1231 4207; baseline 0.004 -23"><span class='ocrx_word' id='word_1_280' title='bbox 201 4132 272 4185; x_wconf 89' lang='lat' dir='ltr'>hunc</span> <span class='ocrx_word' id='word_1_281' title='bbox 298 4133 386 4187; x_wconf 86' lang='lat' dir='ltr'>locum</span> <span class='ocrx_word' id='word_1_282' title='bbox 410 4151 514 4206; x_wconf 90' lang='lat' dir='ltr'>quoque</span> <span class='ocrx_word' id='word_1_283' title='bbox 542 4135 626 4200; x_wconf 82' lang='lat' dir='ltr'>affert,</span> <span class='ocrx_word' id='word_1_284' title='bbox 653 4154 708 4190; x_wconf 89' lang='lat' dir='ltr'>non</span> <span class='ocrx_word' id='word_1_285' title='bbox 763 4138 832 4190; x_wconf 90' lang='lat' dir='ltr'>cium</span> <span class='ocrx_word' id='word_1_286' title='bbox 853 4137 931 4190; x_wconf 83' lang='lat' dir='ltr'>fuisse</span> <span class='ocrx_word' id='word_1_287' title='bbox 951 4138 978 4188; x_wconf 82' lang='lat' dir='ltr'>in</span> <span class='ocrx_word' id='word_1_288' title='bbox 997 4136 1067 4190; x_wconf 88' lang='lat' dir='ltr'>Eccl.</span> <span class='ocrx_word' id='word_1_289' title='bbox 1090 4137 1231 4207; x_wconf 85' lang='lat' dir='ltr'>primaeva.</span> 
     </span>
     <span class='ocr_line' id='line_1_35' title="bbox 201 4217 1117 4292; baseline 0.005 -23"><span class='ocrx_word' id='word_1_290' title='bbox 201 4217 293 4270; x_wconf 89' lang='lat' dir='ltr'>omnia</span> <span class='ocrx_word' id='word_1_291' title='bbox 311 4227 401 4271; x_wconf 88' lang='lat' dir='ltr'>tamen</span> <span class='ocrx_word' id='word_1_292' title='bbox 419 4231 489 4274; x_wconf 86' lang='lat' dir='ltr'>recte</span> <span class='ocrx_word' id='word_1_293' title='bbox 502 4219 661 4292; x_wconf 82' lang='lat' dir='ltr'>intelligens,</span> <span class='ocrx_word' id='word_1_294' title='bbox 680 4233 708 4273; x_wconf 92' lang='lat' dir='ltr'>ut</span> <span class='ocrx_word' id='word_1_295' title='bbox 800 4225 841 4291; x_wconf 66' lang='grc' dir='ltr'>(ς)</span> <span class='ocrx_word' id='word_1_296' title='bbox 862 4222 890 4274; x_wconf 89' lang='lat' dir='ltr'>Id</span> <span class='ocrx_word' id='word_1_297' title='bbox 910 4234 963 4274; x_wconf 85' lang='lat' dir='ltr'>est:</span> <span class='ocrx_word' id='word_1_298' title='bbox 985 4233 1117 4291; x_wconf 80' lang='lat' dir='ltr'>expertae.</span> 
     </span>
    </p>
   </div>
   <div class='ocr_carea' id='block_1_6' title="bbox 0 0 1622 5062">
    <p class='ocr_par' dir='ltr' id='par_1_9' title="bbox 0 0 1622 5062">
     <span class='ocr_line' id='line_1_36' title="bbox 0 0 1622 5062; baseline 0 0"><span class='ocrx_word' id='word_1_299' title='bbox 0 0 1622 5062; x_wconf 95' lang='lat' dir='ltr'> </span> 
     </span>
    </p>
   </div>
  </div>
 </body>
</html>
