<?xml version="1.0" encoding="UTF-8"?>
<!DOCTYPE html PUBLIC "-//W3C//DTD XHTML 1.0 Transitional//EN"
    "http://www.w3.org/TR/xhtml1/DTD/xhtml1-transitional.dtd">
<html xmlns="http://www.w3.org/1999/xhtml" xml:lang="en" lang="en">
 <head>
  <title>
</title>
<meta http-equiv="Content-Type" content="text/html;charset=utf-8" />
  <meta name='ocr-system' content='tesseract 3.04.00' />
  <meta name='ocr-capabilities' content='ocr_page ocr_carea ocr_par ocr_line ocrx_word'/>
</head>
<body>
  <div class='ocr_page' id='page_1' title='image "./adversushaerese00irengoog_0110.png"; bbox 0 0 3230 5062; ppageno 0'>
   <div class='ocr_carea' id='block_1_1' title="bbox 187 463 1248 533">
    <p class='ocr_par' dir='ltr' id='par_1_1' title="bbox 187 463 1248 533">
     <span class='ocr_line' id='line_1_1' title="bbox 187 463 1248 533; baseline 0.002 -27"><span class='ocrx_word' id='word_1_1' title='bbox 187 465 221 532; x_wconf 78' lang='lat'>(1,</span> <span class='ocrx_word' id='word_1_2' title='bbox 239 463 328 533; x_wconf 82' lang='lat'>8·9)·]</span> <span class='ocrx_word' id='word_1_3' title='bbox 609 463 699 510; x_wconf 78' lang='lat' dir='ltr'>arsen</span> <span class='ocrx_word' id='word_1_4' title='bbox 722 463 835 510; x_wconf 77' lang='lat' dir='ltr'>antuus</span> <span class='ocrx_word' id='word_1_5' title='bbox 1191 463 1248 530; x_wconf 85' lang='lat'>1⁰5</span> 
     </span>
    </p>
   </div>
   <div class='ocr_carea' id='block_1_2' title="bbox 186 654 1257 1255">
    <p class='ocr_par' dir='ltr' id='par_1_2' title="bbox 186 654 1257 1255">
     <span class='ocr_line' id='line_1_2' title="bbox 186 654 1253 744; baseline 0 -21"><span class='ocrx_word' id='word_1_6' title='bbox 186 654 321 724; x_wconf 85' lang='lat' dir='ltr'>bricasse</span> <span class='ocrx_word' id='word_1_7' title='bbox 336 655 497 723; x_wconf 80' lang='lat' dir='ltr'>dicunt.(¹)</span> <span class='ocrx_word' id='word_1_8' title='bbox 538 655 745 722; x_wconf 88' lang='lat' dir='ltr'>Hancautem</span> <span class='ocrx_word' id='word_1_9' title='bbox 765 654 945 723; x_wconf 87' lang='lat' dir='ltr'>Achamoth</span> <span class='ocrx_word' id='word_1_10' title='bbox 968 671 1053 722; x_wconf 84' lang='lat' dir='ltr'>extra</span> <span class='ocrx_word' id='word_1_11' title='bbox 1075 657 1253 744; x_wconf 84' lang='lat' dir='ltr'>passionem</span> 
     </span>
     <span class='ocr_line' id='line_1_3' title="bbox 189 761 1254 850; baseline 0 -20"><span class='ocrx_word' id='word_1_12' title='bbox 189 761 302 830; x_wconf 85' lang='lat' dir='ltr'>factam</span> <span class='ocrx_word' id='word_1_13' title='bbox 326 763 507 850; x_wconf 84' lang='lat' dir='ltr'>concepisse</span> <span class='ocrx_word' id='word_1_14' title='bbox 529 761 569 829; x_wconf 90' lang='lat' dir='ltr'>de</span> <span class='ocrx_word' id='word_1_15' title='bbox 582 761 788 850; x_wconf 83' lang='lat' dir='ltr'>gratulatione</span> <span class='ocrx_word' id='word_1_16' title='bbox 803 785 926 842; x_wconf 92' lang='lat' dir='ltr'>eorum,</span> <span class='ocrx_word' id='word_1_17' title='bbox 940 785 1019 850; x_wconf 88' lang='lat' dir='ltr'>quae</span> <span class='ocrx_word' id='word_1_18' title='bbox 1038 785 1112 829; x_wconf 88' lang='lat' dir='ltr'>cum</span> <span class='ocrx_word' id='word_1_19' title='bbox 1129 784 1168 829; x_wconf 92' lang='lat' dir='ltr'>eo</span> <span class='ocrx_word' id='word_1_20' title='bbox 1182 780 1254 830; x_wconf 88' lang='lat' dir='ltr'>sunt</span> 
     </span>
     <span class='ocr_line' id='line_1_4' title="bbox 190 869 1255 958; baseline -0.001 -21"><span class='ocrx_word' id='word_1_21' title='bbox 190 870 348 937; x_wconf 90' lang='lat' dir='ltr'>luminum</span> <span class='ocrx_word' id='word_1_22' title='bbox 371 869 582 952; x_wconf 77' lang='lat' dir='ltr'>visionem,&lt;²&gt;</span> <span class='ocrx_word' id='word_1_23' title='bbox 598 869 630 937; x_wconf 95' lang='lat' dir='ltr'>id</span> <span class='ocrx_word' id='word_1_24' title='bbox 649 886 707 952; x_wconf 92' lang='lat' dir='ltr'>est,</span> <span class='ocrx_word' id='word_1_25' title='bbox 726 869 910 957; x_wconf 89' lang='lat' dir='ltr'>angelorum</span> <span class='ocrx_word' id='word_1_26' title='bbox 929 871 983 958; x_wconf 92' lang='lat' dir='ltr'>qui</span> <span class='ocrx_word' id='word_1_27' title='bbox 1005 887 1094 936; x_wconf 85' lang='lat' dir='ltr'>erant</span> <span class='ocrx_word' id='word_1_28' title='bbox 1113 892 1186 937; x_wconf 88' lang='lat' dir='ltr'>cum</span> <span class='ocrx_word' id='word_1_29' title='bbox 1205 893 1255 952; x_wconf 90' lang='lat' dir='ltr'>eo,</span> 
     </span>
     <span class='ocr_line' id='line_1_5' title="bbox 190 974 1257 1063; baseline -0.001 -21"><span class='ocrx_word' id='word_1_30' title='bbox 190 993 221 1042; x_wconf 91' lang='lat' dir='ltr'>et</span> <span class='ocrx_word' id='word_1_31' title='bbox 243 974 426 1043; x_wconf 78' lang='lat' dir='ltr'>delectatam</span> <span class='ocrx_word' id='word_1_32' title='bbox 445 977 478 1041; x_wconf 89' lang='lat' dir='ltr'>in</span> <span class='ocrx_word' id='word_1_33' title='bbox 501 991 669 1062; x_wconf 89' lang='lat' dir='ltr'>conspectu</span> <span class='ocrx_word' id='word_1_34' title='bbox 693 997 804 1042; x_wconf 92' lang='lat' dir='ltr'>eorum</span> <span class='ocrx_word' id='word_1_35' title='bbox 824 975 980 1063; x_wconf 89' lang='lat' dir='ltr'>peperisse</span> <span class='ocrx_word' id='word_1_36' title='bbox 1004 975 1123 1043; x_wconf 85' lang='lat' dir='ltr'>fructus</span> <span class='ocrx_word' id='word_1_37' title='bbox 1146 999 1257 1043; x_wconf 89' lang='lat' dir='ltr'>secun-</span> 
     </span>
     <span class='ocr_line' id='line_1_6' title="bbox 189 1077 1254 1170; baseline -0.002 -22"><span class='ocrx_word' id='word_1_38' title='bbox 189 1077 267 1148; x_wconf 92' lang='lat' dir='ltr'>dum</span> <span class='ocrx_word' id='word_1_39' title='bbox 290 1081 372 1148; x_wconf 91' lang='lat' dir='ltr'>illius</span> <span class='ocrx_word' id='word_1_40' title='bbox 401 1080 571 1170; x_wconf 84' lang='lat' dir='ltr'>imaginem</span> <span class='ocrx_word' id='word_1_41' title='bbox 595 1079 719 1162; x_wconf 91' lang='lat' dir='ltr'>docent,</span> <span class='ocrx_word' id='word_1_42' title='bbox 742 1097 866 1169; x_wconf 85' lang='lat' dir='ltr'>partum</span> <span class='ocrx_word' id='word_1_43' title='bbox 890 1081 1060 1169; x_wconf 89' lang='lat' dir='ltr'>spiritalem</span> <span class='ocrx_word' id='word_1_44' title='bbox 1083 1081 1254 1148; x_wconf 89' lang='lat' dir='ltr'>secundum</span> 
     </span>
     <span class='ocr_line' id='line_1_7' title="bbox 190 1185 945 1255; baseline -0.001 -1"><span class='ocrx_word' id='word_1_45' title='bbox 190 1187 427 1255; x_wconf 88' lang='lat' dir='ltr'>similitudinem</span> <span class='ocrx_word' id='word_1_46' title='bbox 448 1185 565 1254; x_wconf 87' lang='lat' dir='ltr'>lactum</span> <span class='ocrx_word' id='word_1_47' title='bbox 584 1186 750 1253; x_wconf 88' lang='lat' dir='ltr'>satellitum</span> <span class='ocrx_word' id='word_1_48' title='bbox 767 1186 945 1254; x_wconf 87' lang='lat' dir='ltr'>Salvatoris.</span> 
     </span>
    </p>
   </div>
   <div class='ocr_carea' id='block_1_3' title="bbox 191 1380 1260 2002">
    <p class='ocr_par' dir='ltr' id='par_1_3' title="bbox 191 1380 1260 2002">
     <span class='ocr_line' id='line_1_8' title="bbox 260 1380 1258 1472; baseline -0.002 -22"><span class='ocrx_word' id='word_1_49' title='bbox 260 1383 341 1450; x_wconf 73' lang='lat' dir='ltr'>Cas.</span> <span class='ocrx_word' id='word_1_50' title='bbox 360 1383 402 1464; x_wconf 88' lang='lat' dir='ltr'>V,</span> <span class='ocrx_word' id='word_1_51' title='bbox 430 1403 457 1447; x_wconf 90' lang='lat'>1.</span> <span class='ocrx_word' id='word_1_52' title='bbox 477 1381 586 1472; x_wconf 86' lang='lat' dir='ltr'><em>[WH.</em></span> <span class='ocrx_word' id='word_1_53' title='bbox 609 1383 636 1462; x_wconf 89' lang='lat' dir='ltr'>I,</span> <span class='ocrx_word' id='word_1_54' title='bbox 663 1380 707 1472; x_wconf 88' lang='lat'>9].</span> <span class='ocrx_word' id='word_1_55' title='bbox 755 1381 833 1448; x_wconf 88' lang='lat' dir='ltr'>Tria</span> <span class='ocrx_word' id='word_1_56' title='bbox 858 1383 951 1470; x_wconf 85' lang='lat' dir='ltr'>igitur</span> <span class='ocrx_word' id='word_1_57' title='bbox 967 1381 1042 1449; x_wconf 86' lang='lat' dir='ltr'>haec</span> <span class='ocrx_word' id='word_1_58' title='bbox 1059 1405 1132 1448; x_wconf 91' lang='lat' dir='ltr'>cum</span> <span class='ocrx_word' id='word_1_59' title='bbox 1157 1380 1258 1449; x_wconf 91' lang='lat' dir='ltr'>subsi-</span> 
     </span>
     <span class='ocr_line' id='line_1_9' title="bbox 191 1487 1259 1578; baseline -0.001 -23"><span class='ocrx_word' id='word_1_60' title='bbox 191 1506 274 1556; x_wconf 87' lang='lat' dir='ltr'>stant</span> <span class='ocrx_word' id='word_1_61' title='bbox 297 1487 469 1556; x_wconf 90' lang='lat' dir='ltr'>secundum</span> <span class='ocrx_word' id='word_1_62' title='bbox 494 1510 558 1570; x_wconf 91' lang='lat' dir='ltr'>eos,</span> <span class='ocrx_word' id='word_1_63' title='bbox 578 1510 678 1554; x_wconf 91' lang='lat' dir='ltr'>unum</span> <span class='ocrx_word' id='word_1_64' title='bbox 697 1487 825 1577; x_wconf 92' lang='lat' dir='ltr'>quidem</span> <span class='ocrx_word' id='word_1_65' title='bbox 848 1512 886 1555; x_wconf 89' lang='lat' dir='ltr'>ex</span> <span class='ocrx_word' id='word_1_66' title='bbox 909 1489 1063 1576; x_wconf 86' lang='lat' dir='ltr'>passione,</span> <span class='ocrx_word' id='word_1_67' title='bbox 1087 1487 1170 1578; x_wconf 93' lang='lat' dir='ltr'>quod</span> <span class='ocrx_word' id='word_1_68' title='bbox 1194 1504 1259 1555; x_wconf 92' lang='lat' dir='ltr'>erat</span> 
     </span>
     <span class='ocr_line' id='line_1_10' title="bbox 193 1595 1257 1684; baseline -0.002 -22"><span class='ocrx_word' id='word_1_69' title='bbox 193 1597 334 1679; x_wconf 88' lang='lat' dir='ltr'>materia,</span> <span class='ocrx_word' id='word_1_70' title='bbox 357 1596 489 1662; x_wconf 90' lang='lat' dir='ltr'>alterum</span> <span class='ocrx_word' id='word_1_71' title='bbox 507 1618 585 1662; x_wconf 90' lang='lat' dir='ltr'>vero</span> <span class='ocrx_word' id='word_1_72' title='bbox 607 1595 646 1661; x_wconf 92' lang='lat' dir='ltr'>de</span> <span class='ocrx_word' id='word_1_73' title='bbox 669 1596 885 1678; x_wconf 87' lang='lat' dir='ltr'>conversione,</span> <span class='ocrx_word' id='word_1_74' title='bbox 904 1595 988 1684; x_wconf 89' lang='lat' dir='ltr'>quod</span> <span class='ocrx_word' id='word_1_75' title='bbox 1011 1613 1078 1663; x_wconf 88' lang='lat' dir='ltr'>erat</span> <span class='ocrx_word' id='word_1_76' title='bbox 1108 1595 1257 1662; x_wconf 88' lang='lat' dir='ltr'>animale:</span> 
     </span>
     <span class='ocr_line' id='line_1_11' title="bbox 192 1700 1259 1791; baseline 0 -23"><span class='ocrx_word' id='word_1_77' title='bbox 192 1701 325 1769; x_wconf 90' lang='lat' dir='ltr'>alterum</span> <span class='ocrx_word' id='word_1_78' title='bbox 341 1725 418 1770; x_wconf 92' lang='lat' dir='ltr'>vero</span> <span class='ocrx_word' id='word_1_79' title='bbox 433 1701 517 1791; x_wconf 93' lang='lat' dir='ltr'>quod</span> <span class='ocrx_word' id='word_1_80' title='bbox 532 1703 621 1769; x_wconf 85' lang='lat' dir='ltr'>enixa</span> <span class='ocrx_word' id='word_1_81' title='bbox 637 1717 693 1782; x_wconf 90' lang='lat' dir='ltr'>est,</span> <span class='ocrx_word' id='word_1_82' title='bbox 709 1700 794 1791; x_wconf 94' lang='lat' dir='ltr'>quod</span> <span class='ocrx_word' id='word_1_83' title='bbox 810 1718 856 1768; x_wconf 91' lang='lat' dir='ltr'>est</span> <span class='ocrx_word' id='word_1_84' title='bbox 875 1701 1021 1789; x_wconf 88' lang='lat' dir='ltr'>spiritale,</span> <span class='ocrx_word' id='word_1_85' title='bbox 1045 1703 1089 1769; x_wconf 91' lang='lat' dir='ltr'>sic</span> <span class='ocrx_word' id='word_1_86' title='bbox 1108 1723 1259 1769; x_wconf 85' lang='lat' dir='ltr'>conversa</span> 
     </span>
     <span class='ocr_line' id='line_1_12' title="bbox 192 1807 1259 1896; baseline 0 -22"><span class='ocrx_word' id='word_1_87' title='bbox 192 1825 240 1876; x_wconf 86' lang='lat' dir='ltr'>est</span> <span class='ocrx_word' id='word_1_88' title='bbox 264 1809 296 1875; x_wconf 91' lang='lat' dir='ltr'>in</span> <span class='ocrx_word' id='word_1_89' title='bbox 314 1807 538 1875; x_wconf 84' lang='lat' dir='ltr'>formationem</span> <span class='ocrx_word' id='word_1_90' title='bbox 553 1807 705 1896; x_wconf 89' lang='lat' dir='ltr'>ipsorum.</span> <span class='ocrx_word' id='word_1_91' title='bbox 753 1807 813 1876; x_wconf 85' lang='lat' dir='ltr'>Sed</span> <span class='ocrx_word' id='word_1_92' title='bbox 830 1808 965 1895; x_wconf 90' lang='lat' dir='ltr'>spiritale</span> <span class='ocrx_word' id='word_1_93' title='bbox 979 1808 1106 1896; x_wconf 90' lang='lat' dir='ltr'>quidem</span> <span class='ocrx_word' id='word_1_94' title='bbox 1122 1831 1187 1875; x_wconf 92' lang='lat' dir='ltr'>non</span> <span class='ocrx_word' id='word_1_95' title='bbox 1202 1831 1259 1896; x_wconf 92' lang='lat' dir='ltr'>po-</span> 
     </span>
     <span class='ocr_line' id='line_1_13' title="bbox 193 1911 1260 2002; baseline 0 -22"><span class='ocrx_word' id='word_1_96' title='bbox 193 1917 291 1982; x_wconf 90' lang='lat' dir='ltr'>tuisse</span> <span class='ocrx_word' id='word_1_97' title='bbox 314 1938 384 1982; x_wconf 90' lang='lat' dir='ltr'>eam</span> <span class='ocrx_word' id='word_1_98' title='bbox 405 1913 555 1996; x_wconf 82' lang='lat' dir='ltr'>formare,</span> <span class='ocrx_word' id='word_1_99' title='bbox 569 1915 721 2002; x_wconf 88' lang='lat' dir='ltr'>quoniam</span> <span class='ocrx_word' id='word_1_100' title='bbox 739 1913 881 1980; x_wconf 82' lang='lat' dir='ltr'>eiusdem</span> <span class='ocrx_word' id='word_1_101' title='bbox 897 1911 1086 1981; x_wconf 87' lang='lat' dir='ltr'>substantiae</span> <span class='ocrx_word' id='word_1_102' title='bbox 1101 1914 1128 1981; x_wconf 92' lang='lat' dir='ltr'>ei</span> <span class='ocrx_word' id='word_1_103' title='bbox 1145 1915 1260 1981; x_wconf 78' lang='lat' dir='ltr'>erat.&lt;³)</span> 
     </span>
    </p>
   </div>
   <div class='ocr_carea' id='block_1_4' title="bbox 195 2105 1261 2196">
    <p class='ocr_par' dir='ltr' id='par_1_4' title="bbox 195 2105 1261 2196">
     <span class='ocr_line' id='line_1_14' title="bbox 195 2105 1261 2196; baseline -0.005 -20"><span class='ocrx_word' id='word_1_104' title='bbox 195 2111 261 2196; x_wconf 76' lang='grc' dir='ltr'>Τὴν</span> <span class='ocrx_word' id='word_1_105' title='bbox 275 2111 308 2175; x_wconf 84' lang='grc' dir='ltr'>δὲ</span> <span class='ocrx_word' id='word_1_106' title='bbox 321 2109 480 2196; x_wconf 83' lang='grc' dir='ltr'>Ἀχαμὼθ</span> <span class='ocrx_word' id='word_1_107' title='bbox 493 2109 579 2187; x_wconf 84' lang='grc' dir='ltr'>ἐκτὸς</span> <span class='ocrx_word' id='word_1_108' title='bbox 593 2117 646 2174; x_wconf 84' lang='grc' dir='ltr'>τοῦ</span> <span class='ocrx_word' id='word_1_109' title='bbox 662 2109 781 2186; x_wconf 75' lang='grc' dir='ltr'>πάθους</span> <span class='ocrx_word' id='word_1_110' title='bbox 794 2105 967 2194; x_wconf 74' lang='grc' dir='ltr'>γενομένην,</span> <span class='ocrx_word' id='word_1_111' title='bbox 983 2111 1036 2172; x_wconf 79' lang='grc' dir='ltr'>καὶ</span> <span class='ocrx_word' id='word_1_112' title='bbox 1051 2107 1261 2195; x_wconf 85' lang='grc' dir='ltr'>συλλαβοῦσαν</span> 
     </span>
    </p>
   </div>
   <div class='ocr_carea' id='block_1_5' title="bbox 193 2213 1261 2516">
    <p class='ocr_par' dir='ltr' id='par_1_5' title="bbox 193 2213 1261 2516">
     <span class='ocr_line' id='line_1_15' title="bbox 193 2213 1258 2303; baseline -0.003 -21"><span class='ocrx_word' id='word_1_113' title='bbox 193 2227 231 2301; x_wconf 82' lang='grc' dir='ltr'>τῆ</span> <span class='ocrx_word' id='word_1_114' title='bbox 246 2226 329 2303; x_wconf 80' lang='grc' dir='ltr'>χαρᾷ</span> <span class='ocrx_word' id='word_1_115' title='bbox 349 2227 408 2282; x_wconf 80' lang='grc' dir='ltr'>των</span> <span class='ocrx_word' id='word_1_116' title='bbox 430 2221 484 2281; x_wconf 80' lang='grc' dir='ltr'>σὺν</span> <span class='ocrx_word' id='word_1_117' title='bbox 502 2218 584 2301; x_wconf 80' lang='grc' dir='ltr'>αὐτῷ</span> <span class='ocrx_word' id='word_1_118' title='bbox 601 2213 706 2300; x_wconf 79' lang='grc' dir='ltr'>φώτων</span> <span class='ocrx_word' id='word_1_119' title='bbox 720 2219 774 2300; x_wconf 75' lang='grc' dir='ltr'>τὴν</span> <span class='ocrx_word' id='word_1_120' title='bbox 792 2215 932 2300; x_wconf 75' lang='grc' dir='ltr'>θεωρίαν,</span> <span class='ocrx_word' id='word_1_121' title='bbox 951 2214 1100 2280; x_wconf 80' lang='grc' dir='ltr'>τουτέστιν</span> <span class='ocrx_word' id='word_1_122' title='bbox 1124 2223 1182 2280; x_wconf 84' lang='grc' dir='ltr'>τῶν</span> <span class='ocrx_word' id='word_1_123' title='bbox 1205 2216 1258 2300; x_wconf 80' lang='grc' dir='ltr'>ἀγ·</span> 
     </span>
     <span class='ocr_line' id='line_1_16' title="bbox 194 2321 1258 2409; baseline -0.002 -20"><span class='ocrx_word' id='word_1_124' title='bbox 194 2324 293 2409; x_wconf 80' lang='grc' dir='ltr'>γέλων</span> <span class='ocrx_word' id='word_1_125' title='bbox 314 2334 372 2389; x_wconf 82' lang='grc' dir='ltr'>τῶν</span> <span class='ocrx_word' id='word_1_126' title='bbox 394 2321 460 2407; x_wconf 90' lang='grc' dir='ltr'>μετ’</span> <span class='ocrx_word' id='word_1_127' title='bbox 473 2325 575 2406; x_wconf 84' lang='grc' dir='ltr'>αὑτοῦ,</span> <span class='ocrx_word' id='word_1_128' title='bbox 601 2325 654 2387; x_wconf 71' lang='grc' dir='ltr'>καὶ</span> <span class='ocrx_word' id='word_1_129' title='bbox 680 2323 907 2408; x_wconf 80' lang='grc' dir='ltr'>ἐγκισσῆσασαν</span> <span class='ocrx_word' id='word_1_130' title='bbox 933 2326 1050 2402; x_wconf 78' lang='grc' dir='ltr'>αῑιτους,</span> <span class='ocrx_word' id='word_1_131' title='bbox 1074 2321 1258 2408; x_wconf 75' lang='grc' dir='ltr'>κεκυηκένει</span> 
     </span>
     <span class='ocr_line' id='line_1_17' title="bbox 194 2425 1261 2516; baseline -0.001 -23"><span class='ocrx_word' id='word_1_132' title='bbox 194 2434 328 2516; x_wconf 79' lang='grc' dir='ltr'>καρποὺς</span> <span class='ocrx_word' id='word_1_133' title='bbox 338 2432 419 2494; x_wconf 78' lang='grc' dir='ltr'>κατὰ</span> <span class='ocrx_word' id='word_1_134' title='bbox 430 2432 485 2513; x_wconf 79' lang='grc' dir='ltr'>τῆν</span> <span class='ocrx_word' id='word_1_135' title='bbox 499 2427 602 2494; x_wconf 72' lang='grc' dir='ltr'>εἰκὸνε</span> <span class='ocrx_word' id='word_1_136' title='bbox 616 2427 797 2511; x_wconf 65' lang='grc' dir='ltr'>διδάσκουσι,</span> <span class='ocrx_word' id='word_1_137' title='bbox 814 2428 918 2514; x_wconf 80' lang='grc' dir='ltr'><strong>κύημα</strong></span> <span class='ocrx_word' id='word_1_138' title='bbox 932 2432 1132 2512; x_wconf 74' lang='grc' dir='ltr'>πνευματικὸν</span> <span class='ocrx_word' id='word_1_139' title='bbox 1147 2425 1261 2492; x_wconf 74' lang='grc' dir='ltr'>καθ’ὅ-</span> 
     </span>
    </p>
   </div>
   <div class='ocr_carea' id='block_1_6' title="bbox 195 2534 963 2622">
    <p class='ocr_par' dir='ltr' id='par_1_6' title="bbox 195 2534 963 2622">
     <span class='ocr_line' id='line_1_18' title="bbox 195 2534 963 2622; baseline -0.003 -22"><span class='ocrx_word' id='word_1_140' title='bbox 195 2536 317 2620; x_wconf 73' lang='grc' dir='ltr'>μινῖωσιν</span> <span class='ocrx_word' id='word_1_141' title='bbox 336 2539 461 2621; x_wconf 80' lang='grc' dir='ltr'>γεγονὸς</span> <span class='ocrx_word' id='word_1_142' title='bbox 478 2545 536 2601; x_wconf 79' lang='grc' dir='ltr'>τῶν</span> <span class='ocrx_word' id='word_1_143' title='bbox 555 2534 724 2622; x_wconf 81' lang='grc' dir='ltr'>δορυφόρων</span> <span class='ocrx_word' id='word_1_144' title='bbox 742 2543 795 2599; x_wconf 83' lang='grc' dir='ltr'>τοῦ</span> <span class='ocrx_word' id='word_1_145' title='bbox 814 2535 963 2620; x_wconf 84' lang='grc' dir='ltr'>Σωτῆρος.</span> 
     </span>
    </p>
   </div>
   <div class='ocr_carea' id='block_1_7' title="bbox 199 2729 1267 3243">
    <p class='ocr_par' dir='ltr' id='par_1_7' title="bbox 199 2729 1267 3243">
     <span class='ocr_line' id='line_1_19' title="bbox 262 2729 1263 2816; baseline -0.002 -20"><span class='ocrx_word' id='word_1_146' title='bbox 262 2729 304 2813; x_wconf 93' lang='lat' dir='ltr'>V,</span> <span class='ocrx_word' id='word_1_147' title='bbox 325 2751 351 2796; x_wconf 91' lang='lat'>1.</span> <span class='ocrx_word' id='word_1_148' title='bbox 394 2729 492 2816; x_wconf 83' lang='grc' dir='ltr'>Τριῶν</span> <span class='ocrx_word' id='word_1_149' title='bbox 506 2732 558 2794; x_wconf 82' lang='grc' dir='ltr'>οὑν</span> <span class='ocrx_word' id='word_1_150' title='bbox 575 2731 633 2815; x_wconf 84' lang='grc' dir='ltr'>ῆδη</span> <span class='ocrx_word' id='word_1_151' title='bbox 648 2729 760 2795; x_wconf 77' lang='grc' dir='ltr'>τούτων</span> <span class='ocrx_word' id='word_1_152' title='bbox 774 2729 977 2815; x_wconf 80' lang='grc' dir='ltr'>ὑποκειμένων</span> <span class='ocrx_word' id='word_1_153' title='bbox 996 2729 1065 2795; x_wconf 86' lang='grc' dir='ltr'>κατ’</span> <span class='ocrx_word' id='word_1_154' title='bbox 1078 2732 1195 2809; x_wconf 82' lang='grc' dir='ltr'>αὐτοὺς,</span> <span class='ocrx_word' id='word_1_155' title='bbox 1211 2738 1263 2794; x_wconf 82' lang='grc' dir='ltr'>τοῦ</span> 
     </span>
     <span class='ocr_line' id='line_1_20' title="bbox 200 2836 1263 2922; baseline -0.001 -21"><span class='ocrx_word' id='word_1_156' title='bbox 200 2839 253 2922; x_wconf 79' lang='grc' dir='ltr'>μὲν</span> <span class='ocrx_word' id='word_1_157' title='bbox 276 2839 313 2902; x_wconf 73' lang='grc' dir='ltr'>ἐκ</span> <span class='ocrx_word' id='word_1_158' title='bbox 335 2846 388 2903; x_wconf 86' lang='grc' dir='ltr'>τοῦ</span> <span class='ocrx_word' id='word_1_159' title='bbox 409 2837 540 2920; x_wconf 72' lang='grc' dir='ltr'>πάθους,</span> <span class='ocrx_word' id='word_1_160' title='bbox 564 2838 581 2900; x_wconf 82' lang='grc' dir='ltr'><em>ὃ</em></span> <span class='ocrx_word' id='word_1_161' title='bbox 603 2839 640 2920; x_wconf 81' lang='grc' dir='ltr'>ἡν</span> <span class='ocrx_word' id='word_1_162' title='bbox 664 2836 738 2920; x_wconf 80' lang='grc' dir='ltr'>ὕλη·</span> <span class='ocrx_word' id='word_1_163' title='bbox 763 2846 815 2901; x_wconf 81' lang='grc' dir='ltr'>τοῦ</span> <span class='ocrx_word' id='word_1_164' title='bbox 838 2838 871 2901; x_wconf 84' lang='grc' dir='ltr'>δὲ</span> <span class='ocrx_word' id='word_1_165' title='bbox 895 2837 932 2901; x_wconf 82' lang='grc' dir='ltr'>ἐκ</span> <span class='ocrx_word' id='word_1_166' title='bbox 954 2847 1007 2922; x_wconf 85' lang='grc' dir='ltr'>τῆς</span> <span class='ocrx_word' id='word_1_167' title='bbox 1031 2837 1222 2921; x_wconf 79' lang='grc' dir='ltr'>ἐπιστρορῆς,</span> <span class='ocrx_word' id='word_1_168' title='bbox 1246 2838 1263 2900; x_wconf 82' lang='grc' dir='ltr'>ὃ</span> 
     </span>
     <span class='ocr_line' id='line_1_21' title="bbox 199 2941 1264 3031; baseline -0.003 -22"><span class='ocrx_word' id='word_1_169' title='bbox 199 2947 235 3028; x_wconf 75' lang='grc' dir='ltr'>ῆν</span> <span class='ocrx_word' id='word_1_170' title='bbox 252 2949 286 3008; x_wconf 80' lang='grc' dir='ltr'>τὸ</span> <span class='ocrx_word' id='word_1_171' title='bbox 305 2941 452 3031; x_wconf 68' lang='grc' dir='ltr'>ῆωχικὸν·</span> <span class='ocrx_word' id='word_1_172' title='bbox 472 2953 524 3007; x_wconf 84' lang='grc' dir='ltr'>τοῦ</span> <span class='ocrx_word' id='word_1_173' title='bbox 543 2943 576 3007; x_wconf 81' lang='grc' dir='ltr'>δὲ</span> <span class='ocrx_word' id='word_1_174' title='bbox 595 2943 612 3006; x_wconf 82' lang='grc' dir='ltr'>ὃ</span> <span class='ocrx_word' id='word_1_175' title='bbox 630 2943 813 3028; x_wconf 73' lang='grc' dir='ltr'>ἀπεκύησεν,</span> <span class='ocrx_word' id='word_1_176' title='bbox 833 2941 983 3008; x_wconf 80' lang='grc' dir='ltr'>τουτέστιν</span> <span class='ocrx_word' id='word_1_177' title='bbox 1000 2947 1034 3007; x_wconf 79' lang='grc' dir='ltr'>τὸ</span> <span class='ocrx_word' id='word_1_178' title='bbox 1054 2945 1264 3027; x_wconf 75' lang='grc' dir='ltr'>πνευματικὸν,</span> 
     </span>
     <span class='ocr_line' id='line_1_22' title="bbox 199 3046 1265 3136; baseline -0.003 -22"><span class='ocrx_word' id='word_1_179' title='bbox 199 3055 291 3128; x_wconf 74' lang='grc' dir='ltr'>οὕτως</span> <span class='ocrx_word' id='word_1_180' title='bbox 306 3049 421 3136; x_wconf 65' lang='grc' dir='ltr'>ἐτράπη</span> <span class='ocrx_word' id='word_1_181' title='bbox 436 3050 485 3114; x_wconf 77' lang='grc' dir='ltr'>ἐπὶ</span> <span class='ocrx_word' id='word_1_182' title='bbox 499 3051 553 3133; x_wconf 80' lang='grc' dir='ltr'>τὴν</span> <span class='ocrx_word' id='word_1_183' title='bbox 567 3046 718 3133; x_wconf 75' lang='grc' dir='ltr'>μόρφωσιν</span> <span class='ocrx_word' id='word_1_184' title='bbox 734 3051 841 3114; x_wconf 84' lang='grc' dir='ltr'>αὐτῶν.</span> <span class='ocrx_word' id='word_1_185' title='bbox 889 3047 991 3113; x_wconf 76' lang='grc' dir='ltr'>Ἀλλὰ</span> <span class='ocrx_word' id='word_1_186' title='bbox 1008 3052 1043 3112; x_wconf 79' lang='grc' dir='ltr'>τὸ</span> <span class='ocrx_word' id='word_1_187' title='bbox 1063 3051 1118 3133; x_wconf 82' lang='grc' dir='ltr'>μὲν</span> <span class='ocrx_word' id='word_1_188' title='bbox 1134 3069 1265 3132; x_wconf 83' lang='grc' dir='ltr'>πνευμα·</span> 
     </span>
     <span class='ocr_line' id='line_1_23' title="bbox 199 3154 1267 3243; baseline -0.004 -21"><span class='ocrx_word' id='word_1_189' title='bbox 199 3162 281 3222; x_wconf 80' lang='grc' dir='ltr'>τιτιὸν</span> <span class='ocrx_word' id='word_1_190' title='bbox 296 3159 337 3243; x_wconf 79' lang='grc' dir='ltr'>μὴ</span> <span class='ocrx_word' id='word_1_191' title='bbox 354 3157 537 3241; x_wconf 70' lang='grc' dir='ltr'>δεδυνῆσθαι</span> <span class='ocrx_word' id='word_1_192' title='bbox 546 3159 639 3240; x_wconf 71' lang='grc' dir='ltr'>αυτὴν</span> <span class='ocrx_word' id='word_1_193' title='bbox 654 3164 822 3239; x_wconf 83' lang='grc' dir='ltr'>μορρωσαι,</span> <span class='ocrx_word' id='word_1_194' title='bbox 840 3156 942 3239; x_wconf 79' lang='grc' dir='ltr'>ἐπειδὴ</span> <span class='ocrx_word' id='word_1_195' title='bbox 957 3154 1117 3240; x_wconf 82' lang='grc' dir='ltr'>ὁμοοὺσιον</span> <span class='ocrx_word' id='word_1_196' title='bbox 1132 3155 1267 3240; x_wconf 83' lang='grc' dir='ltr'>ὑπῆρχεν</span> 
     </span>
    </p>
   </div>
   <div class='ocr_carea' id='block_1_8' title="bbox 199 3338 1270 4256">
    <p class='ocr_par' dir='ltr' id='par_1_8' title="bbox 199 3338 1270 4256">
     <span class='ocr_line' id='line_1_24' title="bbox 233 3338 1267 3414; baseline -0.006 -18"><span class='ocrx_word' id='word_1_197' title='bbox 233 3343 302 3414; x_wconf 90' lang='lat' dir='ltr'>(r)l.</span> <span class='ocrx_word' id='word_1_198' title='bbox 309 3359 332 3396; x_wconf 90' lang='lat' dir='ltr'>e.</span> <span class='ocrx_word' id='word_1_199' title='bbox 341 3344 410 3396; x_wconf 89' lang='lat' dir='ltr'>hanc</span> <span class='ocrx_word' id='word_1_200' title='bbox 420 3342 602 3413; x_wconf 86' lang='lat' dir='ltr'>incorpoream</span> <span class='ocrx_word' id='word_1_201' title='bbox 610 3340 706 3410; x_wconf 91' lang='lat' dir='ltr'>[immo</span> <span class='ocrx_word' id='word_1_202' title='bbox 760 3353 829 3406; x_wconf 87' lang='lat' dir='ltr'>actu,</span> <span class='ocrx_word' id='word_1_203' title='bbox 848 3340 943 3412; x_wconf 85' lang='lat' dir='ltr'>quippe</span> <span class='ocrx_word' id='word_1_204' title='bbox 955 3340 998 3411; x_wconf 90' lang='lat' dir='ltr'>qui</span> <span class='ocrx_word' id='word_1_205' title='bbox 1011 3356 1113 3394; x_wconf 88' lang='lat' dir='ltr'>meram</span> <span class='ocrx_word' id='word_1_206' title='bbox 1126 3338 1267 3410; x_wconf 76' lang='lat' dir='ltr'>optabiliter·</span> 
     </span>
     <span class='ocr_line' id='line_1_25' title="bbox 200 3421 1267 3498; baseline -0.005 -17"><span class='ocrx_word' id='word_1_207' title='bbox 200 3427 436 3498; x_wconf 86' lang='lat' dir='ltr'>etanorganieam]</span> <span class='ocrx_word' id='word_1_208' title='bbox 447 3427 586 3480; x_wconf 91' lang='lat' dir='ltr'>materiem</span> <span class='ocrx_word' id='word_1_209' title='bbox 594 3427 630 3479; x_wconf 88' lang='lat' dir='ltr'>ita</span> <span class='ocrx_word' id='word_1_210' title='bbox 643 3441 707 3478; x_wconf 92' lang='lat' dir='ltr'>con·</span> <span class='ocrx_word' id='word_1_211' title='bbox 761 3431 965 3478; x_wconf 65' lang='lat' dir='ltr'>demutandorum</span> <span class='ocrx_word' id='word_1_212' title='bbox 975 3424 1094 3478; x_wconf 90' lang='lat' dir='ltr'>contulit.</span> <span class='ocrx_word' id='word_1_213' title='bbox 1131 3421 1185 3476; x_wconf 86' lang='lat' dir='ltr'>Csr.</span> <span class='ocrx_word' id='word_1_214' title='bbox 1204 3421 1267 3476; x_wconf 83' lang='lat' dir='ltr'>Exc.</span> 
     </span>
     <span class='ocr_line' id='line_1_26' title="bbox 199 3507 1267 3582; baseline -0.007 -17"><span class='ocrx_word' id='word_1_215' title='bbox 199 3513 282 3566; x_wconf 90' lang='lat' dir='ltr'>stituit</span> <span class='ocrx_word' id='word_1_216' title='bbox 301 3517 369 3580; x_wconf 89' lang='lat' dir='ltr'>(non</span> <span class='ocrx_word' id='word_1_217' title='bbox 387 3512 493 3582; x_wconf 90' lang='lat' dir='ltr'>quidem</span> <span class='ocrx_word' id='word_1_218' title='bbox 512 3522 571 3564; x_wconf 88' lang='lat' dir='ltr'>actu</span> <span class='ocrx_word' id='word_1_219' title='bbox 593 3509 639 3563; x_wconf 91' lang='lat' dir='ltr'>sed</span> <span class='ocrx_word' id='word_1_220' title='bbox 660 3524 706 3580; x_wconf 92' lang='lat' dir='ltr'>po-</span> <span class='ocrx_word' id='word_1_221' title='bbox 765 3509 854 3562; x_wconf 76' lang='lat' dir='ltr'>llaeod.</span> <span class='ocrx_word' id='word_1_222' title='bbox 869 3523 921 3577; x_wconf 74' lang='lat'>473</span> <span class='ocrx_word' id='word_1_223' title='bbox 941 3509 1015 3562; x_wconf 75' lang='lat' dir='ltr'>Htt’t’.</span> <span class='ocrx_word' id='word_1_224' title='bbox 1039 3507 1086 3572; x_wconf 89' lang='lat' dir='ltr'>Vl,</span> <span class='ocrx_word' id='word_1_225' title='bbox 1107 3521 1153 3576; x_wconf 76' lang='lat'>323</span> <span class='ocrx_word' id='word_1_226' title='bbox 1167 3507 1267 3577; x_wconf 75' lang='lat' dir='ltr'>fragm.</span> 
     </span>
     <span class='ocr_line' id='line_1_27' title="bbox 199 3590 1268 3666; baseline -0.007 -17"><span class='ocrx_word' id='word_1_227' title='bbox 199 3596 303 3664; x_wconf 88' lang='lat' dir='ltr'>tentia),</span> <span class='ocrx_word' id='word_1_228' title='bbox 318 3609 346 3648; x_wconf 93' lang='lat' dir='ltr'>ut</span> <span class='ocrx_word' id='word_1_229' title='bbox 361 3607 447 3666; x_wconf 87' lang='lat' dir='ltr'>posset</span> <span class='ocrx_word' id='word_1_230' title='bbox 459 3594 586 3648; x_wconf 87' lang='lat' dir='ltr'>inomnia</span> <span class='ocrx_word' id='word_1_231' title='bbox 596 3611 706 3664; x_wconf 89' lang='lat' dir='ltr'>corpora</span> <span class='ocrx_word' id='word_1_232' title='bbox 765 3591 859 3644; x_wconf 82' lang='lat' dir='ltr'>Valent.</span> <span class='ocrx_word' id='word_1_233' title='bbox 878 3609 919 3662; x_wconf 89' lang='lat' dir='ltr'>ap.</span> <span class='ocrx_word' id='word_1_234' title='bbox 935 3592 1040 3656; x_wconf 77' lang='grc' dir='ltr'>Μιονε,</span> <span class='ocrx_word' id='word_1_235' title='bbox 1059 3590 1117 3656; x_wconf 91' lang='lat' dir='ltr'>Vll,</span> <span class='ocrx_word' id='word_1_236' title='bbox 1139 3605 1203 3658; x_wconf 87' lang='lat'>1275</span> <span class='ocrx_word' id='word_1_237' title='bbox 1221 3591 1268 3643; x_wconf 92' lang='lat' dir='ltr'>sub</span> 
     </span>
     <span class='ocr_line' id='line_1_28' title="bbox 199 3676 850 3750; baseline -0.008 -16"><span class='ocrx_word' id='word_1_238' title='bbox 199 3681 324 3734; x_wconf 82' lang='lat' dir='ltr'>devenire</span> <span class='ocrx_word' id='word_1_239' title='bbox 350 3693 385 3744; x_wconf 89' lang='lat' dir='ltr'>et,</span> <span class='ocrx_word' id='word_1_240' title='bbox 404 3680 477 3733; x_wconf 82' lang='lat' dir='ltr'>iuxta</span> <span class='ocrx_word' id='word_1_241' title='bbox 504 3679 645 3750; x_wconf 85' lang='lat' dir='ltr'>originem,</span> <span class='ocrx_word' id='word_1_242' title='bbox 664 3679 707 3732; x_wconf 88' lang='lat' dir='ltr'>vel</span> <span class='ocrx_word' id='word_1_243' title='bbox 761 3676 850 3730; x_wconf 88' lang='lat' dir='ltr'>finem.</span> 
     </span>
     <span class='ocr_line' id='line_1_29' title="bbox 201 3761 1270 3834; baseline -0.005 -16"><span class='ocrx_word' id='word_1_244' title='bbox 201 3767 228 3818; x_wconf 92' lang='lat' dir='ltr'>in</span> <span class='ocrx_word' id='word_1_245' title='bbox 246 3767 345 3819; x_wconf 89' lang='lat' dir='ltr'>malam</span> <span class='ocrx_word' id='word_1_246' title='bbox 373 3765 439 3818; x_wconf 87' lang='lat' dir='ltr'>verti</span> <span class='ocrx_word' id='word_1_247' title='bbox 467 3764 642 3818; x_wconf 84' lang='lat' dir='ltr'>substantiam</span> <span class='ocrx_word' id='word_1_248' title='bbox 663 3763 707 3834; x_wconf 86' lang='lat' dir='ltr'>[ex</span> <span class='ocrx_word' id='word_1_249' title='bbox 797 3762 839 3830; x_wconf 92' lang='lat'>(2)</span> <span class='ocrx_word' id='word_1_250' title='bbox 850 3761 953 3832; x_wconf 88' lang='lat' dir='ltr'>Nempe</span> <span class='ocrx_word' id='word_1_251' title='bbox 963 3762 995 3815; x_wconf 93' lang='lat' dir='ltr'>de</span> <span class='ocrx_word' id='word_1_252' title='bbox 1005 3774 1082 3832; x_wconf 84' lang='lat' dir='ltr'>grato</span> <span class='ocrx_word' id='word_1_253' title='bbox 1092 3777 1185 3814; x_wconf 91' lang='lat' dir='ltr'>eorum</span> <span class='ocrx_word' id='word_1_254' title='bbox 1195 3775 1270 3829; x_wconf 55' lang='lat' dir='ltr'>ospes</span> 
     </span>
     <span class='ocr_line' id='line_1_30' title="bbox 200 3845 1268 3922; baseline -0.005 -19"><span class='ocrx_word' id='word_1_255' title='bbox 200 3850 371 3922; x_wconf 84' lang='lat' dir='ltr'>passionibus,</span> <span class='ocrx_word' id='word_1_256' title='bbox 381 3849 428 3902; x_wconf 85' lang='lat' dir='ltr'>cfr.</span> <span class='ocrx_word' id='word_1_257' title='bbox 440 3848 486 3915; x_wconf 89' lang='lat' dir='ltr'>IV,</span> <span class='ocrx_word' id='word_1_258' title='bbox 501 3865 556 3920; x_wconf 91' lang='lat' dir='ltr'>1‚p.</span> <span class='ocrx_word' id='word_1_259' title='bbox 567 3849 614 3920; x_wconf 83' lang='lat'>99]</span> <span class='ocrx_word' id='word_1_260' title='bbox 628 3849 670 3902; x_wconf 89' lang='lat' dir='ltr'>vel</span> <span class='ocrx_word' id='word_1_261' title='bbox 680 3848 708 3900; x_wconf 89' lang='lat' dir='ltr'>in</span> <span class='ocrx_word' id='word_1_262' title='bbox 760 3857 814 3901; x_wconf 89' lang='lat' dir='ltr'>ctu.</span> <span class='ocrx_word' id='word_1_263' title='bbox 853 3845 1001 3899; x_wconf 80' lang='lat' dir='ltr'>Csr.H1m&gt;.</span> <span class='ocrx_word' id='word_1_264' title='bbox 1026 3847 1043 3898; x_wconf 94' lang='lat' dir='ltr'>l.</span> <span class='ocrx_word' id='word_1_265' title='bbox 1065 3863 1103 3910; x_wconf 88' lang='lat' dir='ltr'>c.;</span> <span class='ocrx_word' id='word_1_266' title='bbox 1129 3845 1268 3898; x_wconf 71' lang='lat' dir='ltr'>Traron.</span> 
     </span>
     <span class='ocr_line' id='line_1_31' title="bbox 200 3933 849 4004; baseline -0.006 -17"><span class='ocrx_word' id='word_1_267' title='bbox 200 3935 297 3987; x_wconf 88' lang='lat' dir='ltr'>bonam</span> <span class='ocrx_word' id='word_1_268' title='bbox 317 3951 370 3998; x_wconf 83' lang='lat' dir='ltr'>seu,</span> <span class='ocrx_word' id='word_1_269' title='bbox 385 3933 482 4004; x_wconf 88' lang='lat' dir='ltr'>potius,</span> <span class='ocrx_word' id='word_1_270' title='bbox 497 3933 616 3986; x_wconf 90' lang='lat' dir='ltr'>bonitate</span> <span class='ocrx_word' id='word_1_271' title='bbox 631 3949 707 4003; x_wconf 89' lang='lat' dir='ltr'>capa·</span> <span class='ocrx_word' id='word_1_272' title='bbox 761 3948 785 3984; x_wconf 89' lang='lat' dir='ltr'>c.</span> <span class='ocrx_word' id='word_1_273' title='bbox 810 3946 849 3998; x_wconf 87' lang='lat'>17.</span> 
     </span>
     <span class='ocr_line' id='line_1_32' title="bbox 200 4012 1269 4087; baseline -0.007 -17"><span class='ocrx_word' id='word_1_274' title='bbox 200 4033 258 4071; x_wconf 87' lang='lat' dir='ltr'>cem</span> <span class='ocrx_word' id='word_1_275' title='bbox 272 4017 315 4087; x_wconf 82' lang='lat' dir='ltr'>[ex</span> <span class='ocrx_word' id='word_1_276' title='bbox 325 4017 507 4080; x_wconf 84' lang='lat' dir='ltr'>conversione,</span> <span class='ocrx_word' id='word_1_277' title='bbox 517 4017 580 4070; x_wconf 91' lang='lat' dir='ltr'>ibid.</span> <span class='ocrx_word' id='word_1_278' title='bbox 594 4033 621 4086; x_wconf 92' lang='lat' dir='ltr'>p.</span> <span class='ocrx_word' id='word_1_279' title='bbox 637 4015 707 4084; x_wconf 88' lang='lat' dir='ltr'>too].</span> <span class='ocrx_word' id='word_1_280' title='bbox 797 4016 839 4082; x_wconf 83' lang='lat'>(3)</span> <span class='ocrx_word' id='word_1_281' title='bbox 853 4013 941 4066; x_wconf 81' lang='lat' dir='ltr'>«Fere</span> <span class='ocrx_word' id='word_1_282' title='bbox 954 4013 1025 4066; x_wconf 87' lang='lat' dir='ltr'>enim</span> <span class='ocrx_word' id='word_1_283' title='bbox 1041 4013 1112 4083; x_wconf 84' lang='lat' dir='ltr'>paria</span> <span class='ocrx_word' id='word_1_284' title='bbox 1128 4023 1154 4065; x_wconf 88' lang='lat' dir='ltr'>et</span> <span class='ocrx_word' id='word_1_285' title='bbox 1167 4012 1269 4064; x_wconf 83' lang='lat' dir='ltr'>consub-</span> 
     </span>
     <span class='ocr_line' id='line_1_33' title="bbox 199 4097 1270 4173; baseline -0.007 -18"><span class='ocrx_word' id='word_1_286' title='bbox 199 4101 312 4173; x_wconf 86' lang='lat' dir='ltr'>ldeoque</span> <span class='ocrx_word' id='word_1_287' title='bbox 339 4101 439 4172; x_wconf 88' lang='lat' dir='ltr'>optime</span> <span class='ocrx_word' id='word_1_288' title='bbox 466 4101 561 4154; x_wconf 89' lang='lat' dir='ltr'>dicitur</span> <span class='ocrx_word' id='word_1_289' title='bbox 587 4100 709 4153; x_wconf 84' lang='lat' dir='ltr'>Salvator</span> <span class='ocrx_word' id='word_1_290' title='bbox 765 4118 779 4148; x_wconf 81' lang='lat' dir='ltr'>u</span> <span class='ocrx_word' id='word_1_291' title='bbox 787 4101 896 4151; x_wconf 75' lang='lat' dir='ltr'>staretiua</span> <span class='ocrx_word' id='word_1_292' title='bbox 913 4098 940 4150; x_wconf 92' lang='lat' dir='ltr'>in</span> <span class='ocrx_word' id='word_1_293' title='bbox 955 4098 1110 4150; x_wconf 90' lang='lat' dir='ltr'>alterutrum</span> <span class='ocrx_word' id='word_1_294' title='bbox 1121 4097 1209 4149; x_wconf 88' lang='lat' dir='ltr'>valere</span> <span class='ocrx_word' id='word_1_295' title='bbox 1224 4113 1270 4148; x_wconf 84' lang='lat' dir='ltr'>na·</span> 
     </span>
     <span class='ocr_line' id='line_1_34' title="bbox 199 4180 1215 4256; baseline -0.004 -18"><span class='ocrx_word' id='word_1_296' title='bbox 199 4203 301 4240; x_wconf 86' lang='lat' dir='ltr'>creasse</span> <span class='ocrx_word' id='word_1_297' title='bbox 319 4188 410 4238; x_wconf 77' lang='lat' dir='ltr'>virtute</span> <span class='ocrx_word' id='word_1_298' title='bbox 422 4203 468 4239; x_wconf 87' lang='lat' dir='ltr'>seu</span> <span class='ocrx_word' id='word_1_299' title='bbox 479 4185 506 4238; x_wconf 90' lang='lat' dir='ltr'>in</span> <span class='ocrx_word' id='word_1_300' title='bbox 516 4185 643 4256; x_wconf 87' lang='lat' dir='ltr'>potentia,</span> <span class='ocrx_word' id='word_1_301' title='bbox 653 4200 708 4237; x_wconf 92' lang='lat' dir='ltr'>non</span> <span class='ocrx_word' id='word_1_302' title='bbox 765 4195 847 4236; x_wconf 89' lang='lat' dir='ltr'>«tura</span> <span class='ocrx_word' id='word_1_303' title='bbox 867 4182 973 4252; x_wconf 81' lang='lat' dir='ltr'>negavit</span> <span class='ocrx_word' id='word_1_304' title='bbox 984 4199 1014 4244; x_wconf 73' lang='grc' dir='ltr'>»ς</span> <span class='ocrx_word' id='word_1_305' title='bbox 1030 4180 1114 4234; x_wconf 71' lang='lat' dir='ltr'>Terta.</span> <span class='ocrx_word' id='word_1_306' title='bbox 1134 4198 1156 4234; x_wconf 91' lang='lat' dir='ltr'>c.</span> <span class='ocrx_word' id='word_1_307' title='bbox 1176 4181 1215 4234; x_wconf 84' lang='lat'>18.</span> 
     </span>
    </p>
   </div>
   <div class='ocr_carea' id='block_1_9' title="bbox 0 0 1629 5062">
    <p class='ocr_par' dir='ltr' id='par_1_9' title="bbox 0 0 1629 5062">
     <span class='ocr_line' id='line_1_35' title="bbox 0 0 1629 5062; baseline 0 0"><span class='ocrx_word' id='word_1_308' title='bbox 0 0 1629 5062; x_wconf 95' lang='lat' dir='ltr'> </span> 
     </span>
    </p>
   </div>
  </div>
 </body>
</html>
