3230 5062
370 485 431 552 134
654 485 782 534 ιιιειικει
805 487 964 534 nnvnnsus
987 487 1143 534 naereses
1274 483 1358 554 [V111‚
1379 499 1429 551 3-t

364 679 563 747 manifestare
574 676 691 746 dicunt.
729 679 898 746 Mulierem
910 678 1038 768 quidem
1054 679 1206 766 Sophiam
1220 676 1282 745 dici
1298 678 1429 759 docent;

364 785 479 853 farinae
502 808 579 852 vero
602 802 667 852 sata
689 787 758 867 tria,
782 787 840 854 tria
863 808 978 874 genera
1000 785 1179 867 hominum,
1199 785 1346 873 spiritale,
1364 787 1431 852 ani-

364 894 456 975 male,
470 892 628 960 choicum.
668 892 872 960 Fermentum
887 915 964 959 vero
978 892 1082 981 ipsum
1099 892 1295 959 Salvatorem
1310 892 1430 960 dictum

363 999 479 1068 dicunt.
525 999 564 1066 Et
587 999 721 1066 Paulum
745 1014 851 1066 autem
875 998 1040 1066 manifeste
1062 997 1177 1065 dixisse
1201 997 1341 1080 choicos,
1364 1001 1431 1065 ani-

364 1109 472 1189 males,
495 1107 656 1195 spiritales.
702 1105 785 1174 Alibi
808 1105 953 1195 quidem:
983 1107 1125 1189 «Qualis
1145 1105 1285 1189 choicuS,
1304 1106 1381 1174 tales
1400 1125 1431 1173 et

367 1215 498 1282 «choici
512 1213 582 1281 >›.(¹)
627 1212 710 1281 Alibi
734 1230 858 1282 autem:
885 1242 901 1278 ιι
912 1215 1069 1281 Animalis
1092 1213 1191 1280 homo
1214 1237 1279 1280 non
1302 1215 1431 1301 percipit

371 1350 386 1385 ιι
399 1337 566 1411 quaesunt
582 1319 790 1409 spiritus».(²l
835 1318 918 1387 Alibi
935 1338 1054 1388 autem:
1073 1348 1089 1384 ιι
1108 1319 1259 1408 Spiritalis
1274 1322 1432 1386 examinat

367 1456 383 1492 ιι
398 1429 505 1495 omnia
522 1427 591 1494 ab)
642 1454 657 1490 ιι
670 1427 824 1494 Animalis
843 1443 948 1494 autem
963 1450 1029 1493 non
1043 1427 1173 1515 percipit
1188 1449 1267 1514 quae
1282 1442 1354 1492 sunt
1370 1427 1433 1514 spi-

371 1537 476 1602 «ritus
491 1559 520 1616 a,
531 1532 570 1602 de
582 1535 759 1622 Demiurgo
769 1533 890 1600 dictum
902 1533 1082 1622 dicunt,qui
1097 1557 1195 1622 quum
1208 1533 1376 1620 psychicus
1392 1535 1433 1599 sit

365 1664 431 1708 non
445 1641 630 1728 cognoverit
646 1663 746 1728 neque
766 1655 901 1706 matrem
917 1638 1088 1728 spiritalem
1104 1641 1317 1716 exsistentem,
1332 1662 1433 1727 neque

365 1769 474 1814 semen
485 1747 563 1827 eius,
579 1768 680 1832 neque
696 1769 750 1812 eos
766 1746 908 1833 quisunt
924 1747 957 1811 in
971 1745 1149 1812 Pleromate
1163 1746 1299 1812 Aeones.
1339 1747 1434 1826 Quo-

365 1855 451 1920 niam
473 1869 578 1919 autem
601 1874 712 1919 eorum
736 1876 816 1942 quos
840 1851 1014 1919 salvaturus
1041 1869 1107 1918 erat
1138 1852 1281 1918 Salvator
1308 1853 1434 1918 initia(⁴)

366 1961 494 2048 accepit,
508 1959 641 2026 Paulum
657 1958 786 2026 dixisse:
807 1987 822 2021 ιι
831 1960 870 2025 Et
882 1959 908 2025 si
919 1957 1065 2026 delibatio
1078 1974 1194 2040 sancta,
1210 1975 1241 2024 et
1253 1981 1356 2024 massa
1371 1959 1434 2024 ult)

366 2173 494 2260 ἀλεύρου
516 2173 595 2238 σάτα
609 2173 684 2260 τρία,
701 2176 739 2238 τὰ
753 2172 819 2259 τρία
835 2172 908 2257 γένη
927 2173 1039 2258 δηλοῦν
1056 2171 1196 2256 λέγουσι·
1234 2182 1363 2258 γυναῖκα
1378 2175 1434 2257 μὲν

365 2284 425 2368 γὰρ
441 2283 495 2366 ιὴν
514 2280 627 2364 Σοφίαν
645 2278 793 2365 λέγεσθαι
811 2279 1018 2344 διδάσκουσιν·
1064 2279 1193 2365 ἀλεύρου
1211 2279 1244 2343 δὲ
1262 2278 1342 2344 σάτα
1356 2280 1432 2362 τρία,

367 2389 406 2451 τοι
428 2387 494 2471 τρία
519 2385 592 2470 γένη
619 2381 677 2450 τῶν
702 2384 879 2471 ἀνθρώπων,
906 2388 1116 2470 πνευματικὸν,
1142 2385 1282 2469 ψυχικὸν,
1307 2384 1431 2468 χοϊκὸν·

367 2493 463 2578 ζύμην
473 2491 507 2556 δέ
518 2495 608 2556 αὐτὸν
617 2496 667 2556 τὸν
675 2491 802 2576 Σωτῆρα
810 2491 948 2575 εἰρῆσθαι
960 2490 1142 2556 διδάσκουσι.
1178 2491 1300 2556 Kaleon
1310 2491 1434 2555 Παῦλον

368 2599 526 2686 ᾶαρρηδην
537 2597 685 2684 εἰρηκέναι
696 2602 829 2685 χοϊκοὺς,
841 2599 998 2682 ψυχικοὺς,
1010 2598 1241 2684 πνευραιικούς·
1279 2600 1433 2681 derupta,

375 2733 391 2768 ιι
400 2706 471 2784 Οἰος
482 2707 498 2770 ὁ
509 2709 624 2792 patroc,
636 2715 762 2770 τοιοῦτοι
776 2707 829 2770 καὶ
843 2705 871 2768 οἱ
885 2703 985 2789 χοϊκοί
1000 2726 1032 2765 n·
1049 2707 1126 2769 ὅπου
1138 2706 1182 2787 δέ,
1204 2730 1220 2766 ιι
1231 2703 1374 2790 Ψυχικὸς
1385 2706 1435 2767 ἅν-

375 2814 527 2897 «liprande
544 2815 579 2878 οὐ
597 2811 718 2898 δέχεται
736 2815 774 2876 τὰ
789 2821 841 2876 τοῦ
863 2812 1032 2896 πνεύματος
1046 2833 1078 2872 »-
1102 2813 1179 2876 ὅπου
1198 2811 1242 2893 δὲ,
1268 2837 1284 2873 ιι
1297 2812 1435 2896 Πνευρα

371 2948 387 2984 ι
401 2925 484 2999 τικὸς
497 2919 645 3004 ἀνακρίνει
660 2921 698 2983 τοι
713 2920 810 2984 πάντα
827 2943 855 2984 u.
902 2916 946 2982 Τὸ
961 2919 1004 3001 δὲ,
1024 2944 1039 2981 ιι
1054 2917 1197 3002 Ψυχικος
1213 2918 1246 2982 δὲ
1264 2920 1299 2984 οὐ
1314 2917 1435 3004 δέχεται

375 3054 391 3091 ιι
402 3032 439 3094 τὰ
462 3038 514 3093 τοῦ
536 3027 746 3111 πνεύματος»,
770 3027 820 3090 ἐπὶ
842 3035 894 3090 τοῦ
913 3026 1104 3112 Δημιουργοῦ
1123 3029 1212 3110 φασὶν
1232 3027 1381 3112 εἰρῆσθαι,
1400 3029 1436 3091 ὃν

369 3137 497 3220 ψυχικὸν
513 3137 584 3199 ὂντα
600 3136 641 3219 μὴ
656 3132 818 3218 ἐγνωκέναι
830 3134 906 3216 μήτε
917 3137 970 3218 την
981 3131 1097 3219 μητέρα
1112 3137 1316 3220 πνευματικὴν
1331 3137 1435 3218 οὖσαν,

370 3241 445 3327 μήτε
463 3245 497 3306 τὸ
511 3239 632 3326 σπέρμα
646 3243 748 3324 αὐτῆς,
764 3239 840 3325 μήτε
856 3243 924 3315 τοὺς
940 3239 972 3302 ἐν
988 3238 1174 3324 Πληρὼματι
1190 3239 1319 3318 Αἰῶνας.
1365 3240 1436 3305 Ὀτι

371 3349 404 3411 δὲ
420 3350 471 3424 οὓς
485 3345 595 3431 ἔμελλε
618 3345 726 3430 σώζειν
749 3345 765 3408 ὁ
788 3344 904 3430 Σωτὴρ,
923 3344 1034 3409 τούτων
1051 3348 1105 3423 τὰς
1122 3347 1264 3431 ἀπαρχὰς
1279 3344 1434 3432 ἀνέλαβεν,

371 3453 493 3518 Παῦλον
516 3450 681 3537 εἰρηκέναι·
712 3476 727 3513 ιι
740 3452 803 3517 Καὶ
825 3450 851 3514 el
866 3451 885 3534 ἡ
900 3451 1025 3536 ἀπαρχὴ
1049 3451 1130 3536 ἁγία,
1146 3453 1198 3515 καὶ
1216 3455 1250 3516 τὸ
1268 3451 1390 3537 φύραμα
1406 3476 1434 3516 u.

407 3627 449 3693 (1)
465 3626 476 3677 l
497 3625 557 3678 Cor.
576 3623 636 3690 XV,
655 3623 699 3689 48.
929 3635 1007 3674 unct.
1019 3637 1034 3674 2
1048 3621 1170 3689 (Brooke,
1185 3639 1209 3692 p.
1226 3624 1270 3691 54)
1285 3623 1328 3674 ubi
1342 3622 1436 3675 eadem

408 3710 479 3776 (2)1
505 3708 565 3762 Cor.
591 3709 623 3772 ll,
651 3723 690 3774 14.
735 3709 781 3760 τοῦ
806 3709 875 3762 Θεοῦ
929 3707 1008 3759 verba
1027 3706 1129 3777 integre
1147 3707 1326 3778 perhibentur.

371 3793 450 3864 Vulg.
463 3793 535 3846 deest
548 3793 628 3846 etiam
641 3792 669 3844 in
681 3793 767 3846 Canu.
782 3791 874 3844 Strom.
966 3793 1007 3858 (3)
1027 3791 1038 3844 1
1059 3790 1118 3844 Cor.
1135 3791 1169 3857 ΙΙ,
1188 3806 1227 3859 15,
1246 3809 1285 3862 gr.
1306 3792 1436 3863 sequitur:

370 3878 414 3930 lib.
428 3875 466 3941 V;
486 3877 513 3928 in
526 3876 628 3929 Cunus
645 3873 742 3929 Comm.
756 3876 783 3928 in
798 3876 824 3928 h.
841 3875 874 3940 1.;
933 3895 947 3926 ιι
956 3875 1014 3928 Ηοι
1030 3887 1134 3929 autem:
1152 3876 1284 3929 Animalis
1303 3888 1352 3929 etc.
1363 3897 1390 3928 n.

371 3962 399 4014 in
411 3977 478 4014 vers
492 3977 560 4032 syr.;
576 3959 604 4011 in
616 3959 728 4012 minusc.
743 3973 757 4012 2
771 3971 797 4011 et
810 3959 876 4011 alios
966 3961 1009 4028 (4)
1026 3963 1149 4032 ἀπαρχάς
1168 3983 1185 4004 =
1196 3962 1326 4031 primiu'os
1349 3963 1390 4027 (ut
1409 3960 1439 4012 in

371 4044 446 4098 codd.
477 4043 549 4096 Num
577 4044 686 4097 omissio
706 4062 719 4096 a
742 4043 877 4097 Gnosticis
931 4043 1438 4115 c.Vl,1‚p.115);sortassealibrariis

372 4129 476 4200 (quibus
490 4145 552 4181 sane
565 4129 695 4181 contraria
711 4140 772 4181 sunt
785 4128 876 4196 verba)
932 4140 1084 4199 corruptum
1099 4129 1127 4180 in
1143 4129 1223 4181 initia.

371 4213 532 4285 repetenda?
561 4211 877 4283 Csr.tamenfragm.He·
968 4214 1009 4280 (5)
1029 4211 1101 4266 Rom.
1120 4212 1168 4276 XI,
1193 4211 1233 4266 16.
