3274 5100
227 513 416 580 (xxxa-xx,
435 515 480 584 1).]
623 517 712 564 arnna
735 517 899 563 strennuus
1230 513 1291 579 349

225 708 342 777 tetrade
365 733 432 776 esse
451 734 516 778 non
530 728 671 798 possunt,
688 736 706 778 a
721 736 781 800 qua
797 729 827 778 et
849 713 956 778 emissi
981 728 1070 777 sunt:
1095 727 1125 777 et
1140 711 1191 777 illa
1207 711 1291 777 enim

226 835 425 886 enurneratur
444 821 475 885 in
489 819 680 907 praedictum
698 843 878 887 numerum.
926 819 1120 907 Oportuerat
1143 834 1247 884 autem
1263 835 1293 882 et

226 929 302 992 istos
326 928 526 992 annumerari
556 928 588 992 in
620 927 797 993 Pleromate
829 927 994 1005 Aeonum3
1025 942 1076 992 aut
1100 941 1130 991 et
1164 924 1291 990 illorum

225 1036 372 1098 Aeonum
398 1032 553 1099 honorem
577 1032 758 1100 huiusmodi
782 1033 997 1120 appellationis
1020 1031 1179 1098 autentu>

292 1140 323 1204 8.
349 1140 461 1220 Quum
480 1163 556 1226 ergo
576 1142 616 1205 sit
631 1139 733 1206 soluta
749 1140 876 1206 illorum
893 1140 1071 1219 triacontas,
1092 1139 1172 1204 sicut
1188 1154 1293 1204 osten-

225 1243 341 1326 dimus,
366 1263 396 1311 et
419 1247 592 1312 secundum
617 1244 647 1312 id
675 1243 760 1335 quod
791 1247 896 1311 minus
920 1261 976 1328 est,
1000 1263 1031 1311 et
1061 1243 1235 1310 secundum
1262 1243 1292 1310 id

226 1351 309 1440 quod
322 1353 390 1438 plus
406 1369 453 1418 est
472 1353 520 1441 (in
537 1353 590 1419 tali
605 1354 691 1419 enim
709 1375 842 1419 numero
859 1354 885 1418 si
904 1353 972 1440 plus
992 1352 1093 1434 fuerit,
1108 1368 1160 1418 aut
1177 1353 1293 1431 minus,

226 1457 452 1546 reprobabilem
466 1458 555 1525 faciet
566 1483 745 1540 numerum,
760 1476 877 1546 quanto
892 1461 993 1547 magis
1010 1458 1185 1548 tama<²>?):
1199 1461 1294 1524 insta·

226 1563 295 1632 bilis
320 1567 415 1652 igitur
438 1589 473 1632 ea
495 1588 574 1653 quae
598 1581 644 1632 est
667 1565 705 1633 de
728 1565 870 1654 ogdoade
894 1568 1047 1653 ipsorum,
1066 1583 1096 1632 et
1115 1565 1153 1632 de
1176 1563 1294 1632 duode-

226 1671 300 1738 cade
324 1670 436 1738 fabula.
490 1671 644 1739 instabilis
674 1689 778 1738 autem
803 1689 833 1737 et
857 1673 1001 1739 universa
1025 1672 1153 1740 illorum
1177 1670 1293 1760 regula,

225 1781 294 1866 ipso
317 1777 519 1846 firmamento
546 1781 687 1865 ipsorum
712 1778 861 1868 dissipato
884 1795 914 1845 et
938 1781 970 1846 in
994 1779 1139 1866 bythum‚
1163 1778 1222 1844 hoc
1247 1794 1293 1844 est

226 1887 258 1951 iu
277 1884 307 1951 id
326 1884 409 1972 quod
434 1909 498 1952 non
523 1903 580 1966 est,
596 1884 760 1952 dissoluto.
807 1887 970 1968 Quaerant
987 1888 1081 1974 igitur
1096 1888 1160 1953 iarn
1176 1884 1292 1952 amodo

225 1992 300 2057 alias
323 2014 431 2057 causas
462 1991 637 2076 ostendere,
660 2015 754 2082 quare
779 2014 846 2058 xxx
878 2015 1033 2059 annorum
1065 1993 1225 2059 Dominus
1255 1991 1291 2059 ad

226 2097 416 2186 baptismum
447 2101 584 2166 venerit:
621 2115 650 2164 et
678 2097 866 2166 duodecadis
897 2101 1132 2187 apostolorum:
1160 2115 1191 2165 et
1225 2099 1292 2164 eius

225 2227 303 2291 quae
327 2206 487 2292 sanguinis
510 2203 702 2292 profluvium
727 2229 815 2292 passa
839 2221 886 2271 est
894 2229 903 2285 ;
927 2222 958 2272 et
981 2205 1176 2294 reliquorum
1199 2227 1292 2293 quae-

226 2335 361 2400 cumque
384 2335 463 2379 vane
486 2312 661 2379 laborantes
686 2312 828 2378 delirant.

293 2519 371 2586 Can.
385 2519 471 2585 XIII.
515 2519 618 2610 [WH.
632 2519 706 2599 XV,
722 2519 764 2610 r].
805 2521 983 2602 Quonouo
995 2540 1131 2586 nunnus
1143 2539 1292 2586 troarnum

225 2646 431 2692 osrexurrun
450 2646 563 2693 narnus
582 2646 672 2693 ortuo
691 2645 862 2694 emsstonrs
880 2646 1027 2693 IPSORUM.
1079 2647 1105 2691 1.
1128 2625 1164 2690 Et
1188 2627 1290 2712 ipsum

225 2734 351 2822 quidem
371 2736 511 2822 primum
530 2733 674 2801 ordinem
695 2735 874 2800 emissionis
899 2737 1040 2824 ipsorum
1064 2733 1289 2822 reprobabilem

225 2865 293 2907 esse
306 2843 349 2907 sic
362 2841 567 2908 ostendimus.
614 2841 776 2907 Emissum
784 2842 869 2907 enim
878 2840 987 2908 dicunt
995 2840 1033 2908 de
1043 2841 1147 2928 Bytho
1160 2858 1190 2906 et
1201 2840 1292 2906 buius

225 2948 352 3014 Ennoea
361 2949 436 3016 Nun
447 2965 477 3014 et
485 2949 641 3029 Alethium
654 2947 737 3037 quod
757 2945 884 3036 quidem
900 2949 1092 3014 contrarium
1108 2945 1291 3013 ostenditur.

225 3055 295 3122 Nus
318 3057 404 3121 enim
427 3072 475 3121 est
505 3056 608 3145 ipsum
632 3054 716 3143 quod
740 3070 786 3121 est
805 3054 984 3142 principale,
1009 3071 1040 3121 et
1064 3077 1238 3134 summurn,
1262 3070 1292 3119 et

224 3161 310 3227 velut
332 3163 533 3250 principium,
557 3178 587 3227 et
611 3160 682 3227 fons
709 3162 847 3227 universi
871 3184 992 3227 sensus.
1038 3161 1160 3227 Ennoia
1175 3178 1291 3242 autem,

224 3292 303 3356 quae
336 3268 374 3335 ab
398 3268 469 3352 boc,
499 3285 545 3334 est
568 3266 743 3356 qualislibet
767 3284 797 3333 et
819 3265 858 3334 de
881 3266 1021 3356 quolibet
1045 3265 1122 3333 facta
1147 3267 1293 3333 motion)

261 3490 303 3558 (1)
323 3487 424 3542 Graece
442 3486 533 3540 suerit:
549 3490 626 3554 ῆκαί
644 3489 731 3540 αὐτῶν
786 3486 827 3538 nis
846 3497 874 3538 ut
890 3485 925 3538 lr.
943 3485 1070 3556 loquitur)
1082 3485 1179 3538 mentis
1192 3483 1291 3553 (Nous)

227 3580 279 3624 τῶν
298 3575 406 3626 Αἰώνων
423 3579 472 3639 τῆν
485 3576 561 3639 τιμὴν
573 3574 671 3638 ταύτης
683 3577 732 3638 τῆς
785 3571 817 3621 de
844 3569 960 3639 quolibet
988 3569 1092 3622 obiecto
1119 3568 1147 3620 in
1178 3584 1292 3638 genere:

226 3655 403 3724 προσηγορίας
444 3659 632 3723 ἀφαιρεῖσθαιι
669 3656 731 3708 hinc
785 3653 848 3705 hinc
876 3653 920 3705 illa
947 3652 1028 3706 Noun
1055 3668 1100 3704 seu
1129 3652 1293 3704 intellectum

226 3742 285 3794 loco
298 3761 310 3790 a
321 3742 426 3794 illorum
438 3743 585 3794 Aeonum»
602 3757 732 3811 reponen-
788 3739 903 3807 (semper
917 3737 1097 3790 masculiuiter
1110 3735 1138 3788 in
1150 3751 1206 3806 seq.
1225 3747 1252 3789 ut
1266 3736 1293 3788 in

226 3826 288 3878 dum
311 3826 427 3878 «abillis
441 3825 667 3888 Aeonibus»‚scl.
680 3825 732 3895 pri·
785 3821 899 3892 graecis)
919 3821 1044 3892 consequi
1063 3837 1117 3873 non
1137 3819 1292 3891 praecedere

227 3927 287 3963 mae
305 3921 330 3962 et
350 3909 500 3980 principalis
519 3909 636 3974 tetradis
786 3907 870 3960 debet.
891 3935 908 3946 ·
928 3905 1045 3959 Attende
1059 3921 1217 3974 veroquam
1233 3921 1294 3975 pro-

261 3995 304 4061 (2)
323 3997 427 4047 Τοσάδε
442 4005 511 4046 :tot
529 4005 671 4064 tantaeque
687 4010 731 4045 va·
785 3990 894 4044 fundam
914 3990 1063 4044 doctrinam
1076 3989 1292 4061 psychologicam

226 4071 361 4130 riationes.
785 4077 818 4131 de
837 4093 960 4148 processu
978 4088 1004 4129 et
1023 4075 1117 4129 ordine
1132 4075 1293 4146 cognitionis

262 4163 303 4230 (3)
313 4161 417 4214 Ennoia
430 4179 475 4214 seu
489 4161 616 4232 cogitatio
627 4173 665 4214 est
675 4161 731 4231 ipsa
785 4173 892 4215 nostrae
919 4161 969 4214 hoc
998 4159 1176 4230 pulcherrimo
1207 4160 1293 4231 capite

227 4246 296 4298 actio
309 4249 366 4312 (seu
380 4249 462 4311 rnotr'o,
476 4246 492 4298 i.
506 4263 528 4298 e.
541 4247 638 4317 gradus
650 4245 730 4298 actio·
786 4246 820 4299 Ir.
841 4245 971 4298 ostendat.
