3288 5060
190 433 277 500 (wll,
295 432 388 502 nat]
619 434 710 481 arana
734 434 847 481 narnus
1202 415 1262 500 187

191 625 336 694 rantibus
363 645 394 694 et
417 625 653 693 succedentibus
682 626 876 708 alterutrum,
906 643 1023 714 quanto
1053 628 1154 716 magis
1181 627 1266 696 illius

189 734 341 800 elementi
373 735 474 800 maius
497 755 566 799 esse
596 733 722 822 pelagus
750 734 930 801 literarum?
975 734 1014 800 Et
1040 735 1066 800 si
1091 757 1152 800 una
1179 734 1265 801 litera

189 843 235 906 sic
255 843 416 907 immensa
435 857 492 921 est,
515 837 586 906 vide
610 842 706 906 totius
729 841 868 907 nominis
884 839 1074 928 profundum
1093 841 1266 924 literarum,

188 971 227 1014 ex
238 947 358 1036 quibus
373 947 545 1034 Propatora
555 946 654 1013 Marci
665 946 832 1014 Silentium
856 963 999 1014 constare
1011 945 1127 1014 docuit.
1175 948 1265 1029 Qua-

189 1069 321 1142 propter
353 1072 383 1119 et
407 1053 533 1120 Patrem
561 1053 711 1118 scientem
736 1050 907 1139 incapabile
930 1075 1035 1136 suum,
1058 1051 1180 1120 dedisse
1204 1055 1267 1120 ele·

191 1161 322 1240 mentiS,
346 1183 425 1247 quae
439 1175 469 1224 et
488 1161 614 1225 Aeonas
630 1174 733 1237 vocat,
749 1158 915 1246 unicuique
930 1181 1042 1225 eorum
1061 1181 1151 1226 suam
1167 1181 1267 1225 enun-

189 1266 360 1332 tiationem
384 1264 568 1344 exclamare,
592 1263 733 1352 eoquod
749 1286 814 1329 nou
833 1265 933 1351 possit
950 1287 1062 1346 unum,
1082 1264 1157 1332 illud
1181 1263 1265 1352 quod

190 1389 239 1439 est
259 1389 365 1439 totum
386 1373 556 1438 enuntiare.

263 1501 293 1564 3.
342 1479 445 1569 [IVH.
473 1478 565 1559 VIII,
585 1478 630 1568 4].
676 1479 761 1545 Haec
785 1479 888 1566 itaque
911 1496 1119 1567 exponentem
1143 1481 1171 1546 ei
1190 1503 1267 1568 qua-

189 1587 405 1652 ternationem
437 1585 569 1652 dixisse:
594 1585 680 1652 Volo
703 1601 808 1651 autem
832 1583 888 1651 tibi
915 1601 945 1651 et
977 1587 1077 1673 ipsam
1101 1586 1266 1653 ostendere

191 1693 382 1759 Veritatem.
429 1693 570 1779 Deposui
590 1694 675 1758 enim
700 1692 786 1759 illam
809 1692 848 1759 de
872 1693 1083 1786 superioribus
1107 1693 1267 1774 aedificiis,

192 1818 226 1866 ut
243 1799 479 1886 circumspicias
495 1822 564 1864 earn
578 1797 706 1881 nudam,
725 1815 755 1865 et
771 1800 919 1865 intuearis
936 1799 1166 1867 formositatem
1181 1801 1265 1880 eius;

192 1902 248 1970 sed
273 1921 305 1970 et
321 1903 427 1970 audias
444 1927 513 1970 eam
530 1903 722 1992 loquentem,
742 1920 772 1969 et
795 1903 958 1970 admireris
981 1905 1165 1992 sapientiam
1189 1906 1266 1970 eius.

193 2009 278 2077 Vide
309 2009 383 2097 quid
415 2011 510 2098 igitur
532 2011 564 2075 in
589 2029 681 2098 caput
705 2012 771 2076 eius
795 2034 933 2090 sursum,
957 2013 1095 2098 primum
1121 2013 1149 2077 A
1174 2029 1203 2077 et
1227 2011 1265 2077 Ω.

192 2115 325 2183 Collum
350 2133 453 2182 autem
479 2117 505 2182 B
528 2133 558 2183 et
582 2117 627 2182 Ψ.
675 2117 835 2184 Humerus
855 2140 928 2184 cum
953 2115 1097 2182 manibus
1122 2119 1145 2184 Γ
1170 2133 1200 2183 et
1223 2119 1265 2184 X.

193 2223 311 2288 Pectus
335 2225 359 2288 Δ
386 2239 418 2288 et
447 2223 488 2288 Φ.
543 2222 694 2290 Cinctum
722 2224 748 2289 E
779 2239 810 2288 et
840 2224 875 2288 Υ.
930 2221 1084 2288 Ventrem
1115 2223 1139 2288 Z
1167 2240 1198 2289 et
1229 2223 1266 2288 T.

192 2329 341 2398 Verenda
366 2331 396 2395 H
420 2347 449 2395 et
473 2329 509 2395 Σ.
558 2330 692 2397 Femora
716 2329 743 2396 Θ
766 2348 796 2396 et
820 2331 855 2396 P.
904 2329 1015 2396 Genua
1035 2331 1050 2396 Ι
1070 2347 1101 2395 et
1120 2331 1160 2395 Π.
1208 2329 1268 2395 Ti-

193 2563 298 2626 ἄλλων
320 2563 400 2626 ἄλλα
423 2563 585 2648 γράμματα
606 2561 780 2647 χεννώντσν,
806 2565 858 2626 καί
889 2561 1111 2648 διαδεχομένων
1133 2562 1266 2648 ἄλληλα,

193 2665 284 2754 ardep
309 2669 425 2754 μᾶλλον
447 2669 565 2754 ἐκείνου
595 2677 648 2734 τοῦ
670 2667 822 2755 στοιχείου
845 2669 951 2754 μεῖζον
981 2670 1055 2732 είναι
1078 2672 1112 2733 τὸ
1135 2667 1268 2754 πέλαγος

194 2786 255 2840 τῶν
271 2775 473 2860 χραμμιίτων;
508 2775 572 2840 Καὶ
586 2775 613 2839 εἰ
628 2779 662 2840 τὸ
677 2775 709 2839 ἓν
724 2775 850 2861 γράμμα
865 2779 960 2851 οδτως
975 2777 1106 2859 ἄπειρον,
1123 2776 1179 2859 δρα
1194 2774 1267 2839 δλου

194 2892 249 2946 τοῦ
271 2879 417 2965 ὀνόματος
439 2886 491 2947 τὸν
510 2880 603 2969 βυθὸν
622 2891 680 2946 τῶν
698 2881 891 2968 γραμμάτων,
911 2880 943 2958 ἐξ
958 2884 999 2945 ὢν
1013 2883 1064 2944 τὸν
1083 2881 1266 2966 Προτίιτορα

194 2991 215 3076 ἡ
240 2989 365 3074 Μάρκου
389 2988 467 3074 Σιγὴ
489 2988 665 3054 συνεστάναι
687 2989 875 3074 ἐδοχμίτισε.
922 2989 976 3053 uu
995 2990 1047 3052 καί
1069 2990 1119 3052 τδν
1144 2987 1267 3072 Πατέρα

194 3097 394 3180 ἐπιστάμενον
416 3100 450 3160 τὸ
473 3095 629 3182 ἀχώρητον
651 3097 754 3180 αὑτοῦ,
779 3095 942 3162 δεδωκέναι
963 3103 1023 3171 τοῖς
1054 3094 1222 3179 στοιχείοις,
1245 3095 1266 3157 ἃ

194 3205 249 3268 καὶ
260 3203 379 3278 Αίῶνας
393 3203 491 3286 καλοῖ,
504 3203 546 3267 ἑνί
557 3202 679 3288 ἑκάστῳ
691 3205 788 3266 αὐτῶν
803 3205 855 3286 τὴν
871 3201 946 3266 ἰδίαν
960 3200 1128 3286 &adanon
1143 3201 1264 3286 ἐκβοᾶν,

194 3309 301 3374 διὰτὸ
325 3312 366 3394 μὴ
389 3309 537 3374 δἰνιισθαι
559 3311 614 3374 ἕνα
636 3314 669 3374 τδ
692 3310 762 3372 ὅλον
785 3309 938 3392 ἑκρωνεῖν.

267 3435 295 3500 3.
320 3413 425 3479 Ταῦτα
442 3415 475 3479 δὲ
490 3415 699 3501 σαφηνίσασαν
714 3419 794 3498 αυτῷ
808 3418 862 3499 τὴν
877 3418 1038 3500 nepsam
1054 3415 1163 3479 εἰπεῖν·
1181 3415 1266 3480 θέλω

195 3520 230 3586 δέ
240 3543 288 3585 σοι
299 3523 352 3585 καὶ
361 3523 455 3606 αὐτὴν
465 3521 607 3600 ἐπιδείξαι
618 3526 672 3606 τὴν
686 3521 865 3606 Ἀλήθειαν.
906 3521 1091 3606 Κατήγαχσν
1102 3525 1161 3608 γὰρ
1172 3525 1266 3606 αὐτὴν

195 3630 234 3692 ἐκ
256 3637 315 3693 τῶν
337 3629 469 3714 impiet
492 3627 644 3714 δωμάτων,
668 3628 704 3692 ἵν’
720 3629 820 3712 ἐσίδῃς
842 3630 934 3712 αὐτὴν
956 3631 1081 3716 χυμνίμ,
1100 3631 1152 3692 καί
1173 3651 1266 3694 κατα-

194 3735 299 3820 μάθῃς
321 3739 355 3800 τδ
378 3735 494 3812 κάλλος
515 3738 624 3820 αὐτῆς·
649 3735 803 3800 ἀλλὰκαὶ
826 3737 960 3820 &rodope
986 3738 1078 3821 αὐτῆς
1100 3736 1263 3820 λαλούσης,

195 3844 249 3906 καὶ
266 3843 430 3928 θαυμάσῃς
451 3847 485 3906 τὸ
508 3843 645 3928 φρόνημα
663 3846 765 3927 αὐτῆς.
810 3841 891 3927 Ὅρα
909 3845 961 3907 οὖν
978 3843 1115 3926 κεφαλὴν
1138 3845 1210 3924 ἄνω,
1230 3847 1264 3906 τδ

195 3958 313 4034 πρῶτον
324 3949 407 4034 ἄλφα
418 3950 471 4012 καί
488 3952 523 4014 τδ
537 3970 572 4030 ω,
587 3949 741 4035 τράχηλον
755 3948 788 4012 δὲ
804 3947 822 4035 β
840 3951 892 4012 καί
910 3950 942 4032 ψ,
962 3950 1060 4032 ὤμους
1079 3951 1143 4032 ἅμα
1160 3950 1264 4032 χερσίν

194 4057 290 4138 piat
312 4077 343 4140 χ,
367 4055 469 4140 atisin
488 4056 505 4118 δ
523 4056 576 4119 καί
595 4078 626 4136 ρ,
646 4039 820 4139 διλρραχμα
838 4077 854 4118 e
872 4056 924 4118 καί
941 4079 958 4119 υ
977 4052 1107 4144 [κοιλίαν
1125 4055 1143 4132 ζ
1162 4055 1215 4118 καὶ
1236 4075 1263 4136 τ,

196 4161 294 4224 αἰδοῖα
308 4184 328 4246 η
342 4164 395 4226 καί
409 4159 453 4250 σ],
470 4166 581 4247 μηροὺς
592 4162 679 4225 δοιαὶ
694 4184 722 4247 ρ,
736 4162 850 4245 γόνατα
866 4183 875 4224 ι
890 4163 942 4224 καί
954 4182 987 4238 ιτ,
1001 4161 1117 4244 κνίμιις
1133 4182 1154 4223 τι
1168 4161 1221 4224 καί
1235 4179 1263 4241 ο,
