3172 5044
141 461 217 533 πμ]
570 465 660 512 uranu
683 465 798 512 smnus
903 486 906 492 -
1173 468 1212 534 75

208 679 241 744 3.=
264 658 341 725 Non
363 673 469 725 autem
493 660 634 747 exquires
658 683 674 726 a
699 659 800 741 nobis,
819 661 872 748 qui
896 659 976 748 apud
997 661 1104 729 Celtas
1128 685 1216 730 com·

140 786 318 845 moramur,
341 781 373 831 et
395 766 428 830 in
451 764 618 832 barbarum
641 789 824 834 sermonem
847 767 1032 855 plerumque
1057 792 1215 849 vacamus,

139 871 296 937 orationis
310 887 421 952 artem,
437 894 533 959 quam
549 896 614 938 non
629 873 807 955 didicimus,
822 896 923 961 neque
939 875 1005 940 vim
1023 877 1216 965 conscripto-

141 980 193 1060 ris,
213 1001 312 1067 quam
335 1001 402 1044 non
424 977 652 1061 affectavimus,
671 1003 772 1068 neque
791 998 1015 1048 ornamentum
1033 979 1215 1063 verborum,

139 1109 243 1174 neque
262 1085 432 1168 suadelam,
455 1110 551 1175 quam
575 1089 750 1155 nescimus:
770 1087 825 1154 sed
845 1088 1029 1176 simpliciter
1047 1106 1078 1156 et
1093 1113 1165 1156 vere
1185 1109 1215 1157 et

139 1193 269 1260 idiotice
280 1194 314 1247 (¹)
337 1217 384 1273 ea,
406 1217 485 1282 quae
508 1193 564 1260 tibi
593 1217 665 1261 cum
690 1193 858 1262 dilectione
889 1197 1003 1284 scripta
1033 1211 1117 1279 sunt,
1141 1220 1213 1264 cum

137 1299 310 1368 dilectione
330 1302 491 1389 percipies,
507 1303 618 1389 etipse
638 1325 733 1390 auges
757 1325 792 1369 ea
810 1325 905 1390 penes
920 1319 961 1382 te,
976 1318 1010 1368 ut
1030 1304 1131 1390 magis
1147 1301 1216 1370 ido-
1317 1323 1320 1328 '

138 1431 221 1474 neus
244 1431 340 1496 quam
364 1431 433 1490 uos,
452 1409 541 1497 quasi
565 1431 673 1474 semen
693 1427 724 1474 et
742 1409 830 1475 initia
853 1409 1040 1497 accipiensa
1060 1409 1167 1475 nobis:
1185 1427 1215 1476 et

138 1518 171 1582 in
196 1515 361 1582 latitudine
385 1539 495 1582 sensus
519 1517 562 1581 tui
590 1517 622 1582 in
646 1517 783 1582 multum
808 1515 1008 1584 fructificabis
1023 1540 1069 1598 ea,
1085 1540 1163 1606 quae
1182 1519 1214 1582 in

139 1623 249 1712 paucis
269 1621 395 1688 anobis
418 1621 501 1688 dicta
524 1637 607 1702 sunt,
623 1640 654 1689 et
669 1638 813 1710 potenter
835 1645 955 1689 asseres
974 1623 1023 1703 iis,
1038 1623 1091 1710 qui
1109 1639 1213 1688 tecum

138 1746 228 1810 sunt,
243 1752 279 1796 ea
297 1752 376 1817 quae
398 1728 534 1796 invalide
549 1751 566 1794 a
583 1729 674 1796 nobis
697 1730 792 1797 relata
816 1746 898 1796 sunt.
945 1731 984 1796 Et
1006 1727 1215 1818 quemadmo-

138 1836 221 1902 dum
243 1858 304 1901 nos
326 1834 566 1916 elaboravimus,
586 1836 665 1902 olim
684 1837 844 1924 quaerenti
867 1833 925 1902 tibi
947 1835 1066 1902 discere
1090 1852 1215 1903 senteu-

137 1945 218 2009 tiam
242 1965 365 2024 eorum,
380 1965 445 2009 non
469 1943 574 2009 solum
599 1942 700 2010 facere
717 1943 773 2010 tibi
794 1942 1003 2025 manifestam,
1024 1942 1077 2010 sed
1095 1961 1124 2009 et
1141 1942 1215 2008 sub·
1328 1949 1329 1952 ’

140 2051 408 2116 ministrationem
435 2048 520 2130 dare,
543 2051 588 2116 uti
612 2049 849 2117 ostenderemus
872 2073 942 2116 eam
967 2047 1091 2116 falsam:
1117 2051 1160 2114 sic
1185 2067 1214 2114 et

139 2173 175 2222 tu
200 2155 367 2222 efficaciter
390 2155 518 2243 reliquis
546 2153 737 2223 ministrabis
769 2154 943 2222 secundum
966 2157 1110 2243 gratiam,
1134 2178 1213 2242 quae

214 2417 243 2482 3.
269 2395 335 2462 Οὐκ
357 2397 545 2482 ἐπιζητήσας
567 2397 601 2461 δὲ
624 2397 695 2482 παρ’
710 2397 804 2482 ἡμῶν,
824 2405 883 2462 τῶν
901 2397 934 2460 ἐν
958 2397 1087 2473 Κελτοῖς
1110 2397 1215 2481 διατμι-

142 2503 255 2592 βὸνιων
274 2505 327 2567 καὶ
344 2506 412 2588 περὶ
428 2503 574 2591 βᾶρβαρον
593 2503 749 2568 διάλεκτον
764 2507 798 2568 τὸ
814 2503 954 2568 πλεῖστον
969 2502 1214 2589 ἀσχολουμένων,

141 2613 242 2695 λόγων
265 2608 383 2694 τέχνην,
402 2611 440 2695 ἣν
458 2611 515 2673 οὐκ
537 2607 705 2693 ἐμάθομεν,
725 2611 795 2674 οὔτε
809 2609 933 2693 δύναμιν
951 2607 1158 2693 συγγραφέως,
1178 2610 1215 2692 ἣν

141 2721 201 2782 οὐκ
222 2716 413 2801 ἠσκήσαμεν,
429 2719 498 2780 οὔτε
513 2715 731 2799 καλλωπισμὸν
744 2713 864 2797 λέξεων,
879 2717 949 2780 οὔτε
963 2715 1162 2800 πιθανότητα,
1179 2717 1214 2799 ἣν

140 2827 200 2888 σ’ωι
222 2823 366 2905 οἴδαμεν·
389 2821 471 2884 ἀλλὰ
493 2821 608 2902 ἁπλῶς,
625 2823 678 2884 καὶ
692 2819 827 2904 ἀληθῶς,
851 2823 904 2884 καὶ
920 2821 1072 2896 ἰδιωτικῶς
1086 2823 1124 2883 τὰ
1140 2823 1215 2903 μετὰ

143 2930 266 3014 ἀγάπης
288 2931 337 2992 σοὶ
358 2927 520 3014 γραφέντα,
540 2929 617 3012 μετα
634 2926 755 3012 ἀγάπης
772 2925 931 3013 προσδέξη,
951 2929 1004 2990 καὶ
1022 2929 1110 3003 αὐτὸς
1129 2924 1216 3009 αὐξη·

141 3057 206 3113 σεις
228 3037 308 3099 αὐτὰ
329 3037 412 3120 παρὰ
435 3041 561 3117 σεαυτῷ,
577 3035 631 3098 ἅτε
646 3031 825 3118 ἱκανώτερος
839 3034 923 3118 ἡμῶν
942 3033 1108 3118 τυγχάνων,
1128 3033 1216 3096 οἱονεὶ

142 3137 305 3224 σπέρματα
326 3139 380 3201 καὶ
401 3137 499 3222 ἀρχὰς
521 3135 621 3222 λαβὼν
643 3134 714 3220 παρ’
726 3136 823 3220 ἡμῶν,
848 3137 900 3198 καὶ
922 3135 955 3199 ἐν
977 3143 1018 3218 τῷ
1036 3135 1143 3199 πλάτει
1160 3157 1216 3198 σου

143 3255 197 3310 τοῦ
208 3253 262 3309 νοῦ
273 3245 324 3308 ἐπὶ
336 3242 416 3308 πολὺ
427 3242 668 3328 ναριτοφορὴσεις
683 3245 721 3305 τὰ
735 3240 773 3304 δι’
786 3241 894 3326 ὀλίγων
908 3241 958 3324 ὑφ’
967 3242 1051 3326 ἡμῶν
1066 3240 1215 3326 εἰρημένα,

143 3356 197 3416 ml
219 3354 352 3427 δυνατῶς
374 3350 577 3435 παραστήσας
600 3359 662 3426 τοῖς
685 3353 761 3432 μετὰ
783 3357 840 3412 σοῦ
858 3351 896 3412 τὰ
914 3349 1053 3425 ἀσθενῶς
1071 3348 1120 3431 ὑφ’
1133 3349 1216 3432 ἡμῶν

145 3456 380 3542 ἀπηγγελμένα·
403 3458 456 3521 καὶ
478 3456 520 3533 ὡς
541 3457 626 3542 ἡμεῖς
649 3455 917 3540 ἐφιλοτιμήθημεν,
940 3455 1036 3518 πάλαι
1057 3452 1217 3539 ζητοῦντος

144 3583 201 3628 σου
225 3563 336 3648 μαθεῖν
357 3566 411 3648 την
433 3562 554 3648 γνώμην
573 3565 680 3642 αὐτῶν,
701 3565 742 3646 μὴ
762 3562 851 3644 μόνον
871 3565 920 3625 σοὶ
939 3571 1059 3644 ποιῆσαι
1075 3566 1216 3644 φανερὰν,

144 3671 226 3734 ἀλλὰ
240 3673 294 3734 καὶ
307 3669 413 3754 ἐφόδια
427 3671 529 3733 δοῦναι
543 3673 617 3754 πρὸς
632 3672 666 3733 τὸ
682 3668 878 3732 ἐπιδεικνύειν
891 3669 985 3752 αὐτὴν
999 3667 1104 3751 ψευδῆ,
1125 3671 1217 3742 οὔτως

143 3773 195 3842 καὶ
219 3781 259 3842 σὺ
281 3777 442 3861 φιλοτίμως
464 3786 523 3852 τοῖς
546 3776 659 3853 λοιποῖς
682 3775 879 3859 διακονήσεις,
899 3777 979 3839 κατὰ
994 3776 1047 3858 τὴν
1061 3774 1149 3859 χάριν
1164 3777 1217 3856 τὴν

180 4026 224 4092 (ι)
244 4047 261 4068 =
267 4025 379 4094 proprie,
398 4023 542 4076 secundum
562 4038 654 4075 eorum
710 4022 771 4074 vide
792 4033 827 4074 et.
847 4021 875 4073 in
894 4025 940 4084 Εἰς
959 4021 1083 4081 ἐπίδειξιν
1103 4019 1128 4088 (fi
1149 4035 1171 4082 r,
1191 4019 1216 4070 in

142 4105 655 4176 characterem,vel,iuxtaalios,absque
710 4106 793 4173 med)
813 4106 846 4158 ad
865 4105 1030 4158 Marcianum
1050 4103 1157 4156 fratrem
1174 4120 1216 4156 ea·

142 4192 325 4256 affectatione,
348 4191 467 4244 candide.
513 4189 655 4261 Sequentia
710 4190 770 4244 dem
791 4191 893 4242 ratione
912 4189 1017 4258 scripta.
