3274 5100
252 479 507 550 (V11‚1-VI11,1).]
648 485 738 532 arnan
760 483 925 529 sscuuous

1257 485 1319 552 337

318 699 349 763 4.
363 673 469 767 [WH.
487 677 561 759 VII,
578 677 623 768 3].
671 680 776 761 Quin
793 701 887 747 rausa
905 701 1014 746 unam
1031 700 1072 746 aa
1087 699 1195 745 vacua
1208 700 1319 746 uonuu
1346 709 1352 728 ·

251 805 464 852 osreunnun.
512 785 620 851 Falsus
644 803 749 853 autem
772 789 922 875 apparuit,
946 802 976 852 et
999 787 1052 874 qui
1076 803 1123 852 est
1145 785 1184 852 de
1208 783 1319 852 umbra

251 891 423 957 cenomatis
446 890 491 974 (id
515 907 562 957 est
585 893 689 974 vacui>
712 893 853 981 ipsorum
878 915 984 959 sermo
1007 891 1179 959 secundum
1200 893 1318 958 omnia.

249 998 356 1085 Itaque
379 1021 515 1064 vacuum
538 1015 701 1066 ostensum
726 1017 772 1065 est
795 999 982 1087 figmentum
1007 1022 1130 1079 eorum,
1154 1016 1184 1065 et
1208 1001 1320 1066 incon-

250 1120 334 1170 stans
353 1102 510 1170 doctrina:
530 1105 619 1170 vacui
637 1123 744 1172 autem
764 1121 794 1172 et
813 1105 846 1171 hi
864 1107 916 1193 qui
935 1106 1098 1172 attendunt
1117 1106 1171 1186 eis,
1191 1129 1265 1172 vere
1285 1108 1317 1172 in

250 1209 442 1299 profundum
466 1211 648 1300 perditionis
659 1213 692 1265 (¹)
714 1211 947 1280 descendentes

319 1422 398 1490 Car.
418 1423 475 1489 IX.
522 1421 628 1513 [WH.
644 1446 686 1512 sq.
706 1423 779 1504 VII,
804 1422 849 1515 3].
897 1424 1060 1492 Osrsusro
1086 1445 1239 1498 Quoumu
1263 1447 1319 1491 esr

250 1549 291 1595 er
310 1549 463 1598 sussisrir
483 1550 588 1596 uuum
605 1549 804 1596 innumeros
824 1531 923 1611 Deus,
943 1552 1011 1597 nou
1036 1551 1183 1597 cousrar
1206 1552 1318 1598 auran

250 1656 309 1709 Qui
327 1657 424 1702 suren
437 1657 527 1702 nuuc
551 1657 773 1704 nniuvsurrun
789 1639 908 1704 Parsa.
961 1658 985 1704 r.
1007 1638 1172 1719 Quoniam
1191 1638 1317 1727 quidem

249 1761 295 1810 est
311 1743 421 1812 mundi
437 1743 603 1811 fabricator
619 1745 717 1827 Deus,
737 1762 858 1811 constat
870 1762 901 1812 et
916 1747 1002 1832 ipsis,
1018 1748 1072 1834 qui
1089 1747 1197 1812 multis
1215 1745 1319 1812 modis

249 1850 465 1918 contradicunt
488 1852 526 1932 ei,
546 1867 576 1916 et
600 1849 789 1917 confitentur
812 1875 897 1932 eum,
922 1851 1140 1918 fabricatorem
1164 1875 1237 1918 eum
1261 1874 1319 1918 ro-

249 1974 354 2024 cantes
384 1974 414 2023 et
446 1958 594 2044 angelum
628 1955 786 2024 dicentes:
823 1974 858 2022 ut
888 1981 952 2024 non
986 1957 1140 2038 dicamus
1167 1959 1317 2045 quoniam

249 2086 361 2130 omnes
391 2064 527 2130 clamant
551 2064 739 2150 Scripturae,
764 2079 794 2130 er
817 2064 976 2130 Dominus
1004 2063 1087 2130 hunc
1111 2066 1237 2130 Patrem
1264 2065 1319 2152 qui

249 2187 295 2236 est
319 2171 350 2236 in
374 2171 466 2235 caelis
477 2169 510 2222 (²)
528 2169 629 2252 docet,
650 2187 680 2236 et
698 2193 763 2237 non
783 2170 896 2237 alium:
920 2169 1188 2259 quemadmodum
1213 2187 1319 2237 osten-

248 2277 360 2344 demus
378 2276 565 2365 procedente
584 2300 740 2344 sermone.
788 2276 895 2368 [WH.
918 2277 1013 2358 VIII,
1028 2277 1070 2368 1].
1095 2279 1189 2346 Nunc
1212 2295 1317 2345 autem

249 2385 364 2453 sufficit
383 2384 414 2452 id
432 2385 515 2475 quod
535 2404 581 2452 est
600 2386 638 2453 ab
657 2386 716 2468 his,
735 2387 787 2475 qui
812 2388 966 2454 contraria
986 2385 1077 2452 nobis
1092 2387 1209 2467 dicunt,
1233 2389 1320 2453 testi-

250 2493 446 2574 monium‚(³)
465 2492 613 2559 omnibus
633 2492 815 2559 hominibus
832 2492 868 2560 ad
886 2493 946 2559 hoc
970 2492 1101 2560 demum
1120 2495 1318 2560 consentien-

248 2599 341 2679 tibus,
354 2599 510 2666 ueteribus
526 2598 665 2688 quidem,
681 2616 712 2665 et
728 2602 760 2665 in
777 2601 886 2686 primis
902 2623 919 2665 a
938 2599 1133 2687 primoplasti
1152 2600 1319 2667 traditione

248 2706 328 2772 hanc
352 2706 508 2774 suadelam
534 2705 779 2773 custodientibus
799 2722 829 2772 et
851 2729 949 2771 unum
966 2707 1071 2778 Deum
1098 2705 1315 2772 fabricatorem

248 2813 323 2880 caeli
347 2831 377 2879 et
404 2831 502 2880 terrae
534 2812 804 2900 hymnizantibus:
836 2812 964 2900 reliquis
990 2829 1095 2878 autem
1123 2829 1195 2900 post
1221 2837 1276 2878 eos
1301 2837 1317 2878 a

247 2921 407 3009 prophetis
431 2920 491 2986 Dei
515 2919 608 2986 huius
633 2920 676 2984 rei
704 2920 1047 2985 commemorationem
1078 2919 1317 3006 accipientibus;

247 3026 379 3092 ethnicis
405 3049 482 3092 vero
512 3024 549 3091 ab
575 3027 640 3112 ipsa
670 3025 850 3091 conditione
881 3023 1082 3092 discentibus.
1133 3025 1202 3113 Ipsa
1230 3026 1316 3091 enim

248 3133 386 3200 conditio
418 3132 555 3199 ostendit
585 3155 660 3197 eum
682 3133 736 3220 qui
760 3131 899 3198 condidit
930 3155 1018 3210 eam;
1051 3133 1169 3218 etipsa
1200 3131 1317 3198 factura

248 3241 386 3328 suggerit
409 3263 481 3307 eum
505 3241 559 3328 qui
584 3238 674 3318 fecit3
699 3257 729 3306 et
753 3239 889 3306 mundus
913 3238 1091 3305 manifestat
1114 3262 1186 3304 eum
1210 3240 1317 3328 quise

283 3461 325 3526 (ι)
339 3462 384 3522 Εἰς
394 3462 439 3510 τὸν
453 3461 534 3522 βυθὸν
546 3465 594 3525 τῆς
609 3456 752 3521 ἀπωλείας.

247 3543 300 3596 Cfr.
320 3543 399 3614 praes.
414 3543 433 3608 l,
446 3559 469 3606 2,
479 3543 547 3596 infra
561 3543 607 3608 lll,
625 3561 634 3597 1
650 3557 676 3598 et
690 3545 751 3596 alibi

184 3697 186 3702 Δ
247 3630 407 3698 saepissime.
456 3633 540 3692 Κὲνος
566 3641 622 3682 tum
650 3645 753 3692 vacuus,

246 3724 304 3764 tum
323 3713 411 3764 stultus
431 3713 502 3766 reddi
522 3725 616 3782 potest.

282 3797 324 3865 (2)
343 3795 398 3849 Cl‘r.
420 3797 531 3849 Marru.
543 3795 576 3858 V,
593 3797 632 3862 16,
647 3811 691 3862 45;
707 3795 752 3860 Vl,

247 3896 277 3950 9;
299 3880 365 3933 Luc.
384 3881 431 3946 XI,
451 3896 465 3933 2
484 3894 534 3936 etc.

282 3969 323 4033 (3)
343 3964 540 4020 Testimonium
559 3967 640 4019 etiam
663 3983 752 4018 anon

247 4048 396 4102 christianis
406 4051 438 4104 de
449 4069 554 4104 summo
564 4051 621 4104 Deo
635 4062 753 4103 creatore

247 4135 353 4204 suscipit
367 4151 445 4205 quem
459 4152 473 4188 a
487 4137 561 4188 nullo
576 4135 693 4204 ignorari
705 4151 751 4203 po-

245 4219 326 4272 tuisse
346 4219 416 4272 dicit.
454 4218 564 4272 Notabis
584 4221 626 4272 hic
642 4231 754 4290 quatuor

808 3458 949 3510 hominum
959 3470 984 3511 et
995 3469 1113 3510 aetatum
1123 3458 1228 3520 classeS,
1238 3469 1317 3527 atque

807 3543 835 3595 in
854 3543 906 3595 illis
926 3542 1012 3596 sontes
1031 3543 1168 3613 precipuos
1187 3541 1317 3612 cognitio-

807 3627 849 3680 nis
877 3627 1028 3698 religiosae:
1056 3627 1140 3697 prima
1168 3626 1277 3680 traditio
1301 3643 1315 3677 a

808 3712 983 3781 protoplasta;
994 3710 1216 3768 commemoratio
1229 3727 1244 3764 a
1257 3728 1317 3780 pro-

808 3796 893 3866 phetis
909 3796 973 3860 Dei;
994 3796 1187 3849 demonstratio
1207 3813 1221 3848 a
1240 3797 1317 3848 rebus

808 3881 902 3934 creatis
912 3899 957 3934 seu
973 3881 1091 3951 cognitio
1107 3880 1243 3944 naturalis,
1258 3879 1316 3932 etlr-

808 3965 874 4018 uicis
896 3981 1000 4036 quoque
1025 3965 1134 4018 evidens
1158 3977 1184 4018 et
1208 3964 1316 4018 traditio

807 4051 951 4120 apostolica
967 4049 1036 4119 apud
1050 4049 1209 4102 christianos
1224 4049 1250 4102 in
1266 4047 1316 4101 Ec·

807 4135 896 4188 clesia.
940 4133 994 4186 Csr.
1014 4133 1128 4187 adhaec
1147 4149 1250 4204 quoque
1269 4135 1315 4196 Εἰς

808 4218 876 4272 salt.
897 4219 921 4272 8.
