3230 5062
204 469 238 536 (ι,
260 469 382 538 17.18).]
628 471 719 517 nunu
742 471 855 516 ωυιιυε
1212 469 1270 534 137

204 657 376 749 significari
389 659 510 728 dicunt:
529 683 609 750 quae
626 683 727 748 quum
743 659 780 728 ad
798 660 959 728 modicum
974 660 1103 728 vidisset
1117 678 1192 728 tunc
1207 659 1276 728 Sal·

202 785 345 834 vatorem
369 790 443 834 cum
466 769 641 834 coaetaneis
656 767 767 849 suis,<¹)
785 783 912 856 postero
935 769 1025 834 omni
1048 784 1189 855 tempore
1205 789 1274 856 per-

202 897 349 940 severans
375 875 407 942 in
432 871 609 955 medietate,
632 872 803 940 sustinebat
827 895 913 956 eum,
936 872 1062 961 quando
1081 875 1196 940 iterum
1219 896 1274 940 ve-

203 982 268 1047 niat
290 997 321 1047 et
344 997 474 1069 reponat
492 1004 562 1047 earn
586 1003 660 1049 sune
683 981 908 1069 coniugationi.
963 979 1003 1046 Et
1025 1003 1144 1046 nornen
1167 997 1272 1047 autem

203 1088 270 1155 eius
281 1087 492 1176 significatum
507 1087 708 1170 aSalvatore‚
722 1089 756 1154 in
774 1110 813 1154 eo
831 1086 916 1176 quod
933 1086 1060 1154 dixerit:
1075 1112 1091 1151 α
1106 1085 1272 1153 Iustificata

208 1211 283 1262 «est
300 1195 454 1284 Sapientia
471 1218 489 1260 a
509 1193 581 1261 filiis
605 1195 672 1261 eius
687 1217 715 1258 n:
727 1193 761 1247 (²)
782 1210 812 1259 et
832 1217 849 1259 a
865 1192 965 1260 Paulo
980 1209 1085 1260 autem
1101 1194 1162 1260 sic:
1185 1220 1201 1256 (ι
1216 1193 1272 1260 Sa-

205 1329 222 1365 ε
237 1302 385 1389 pientiam
408 1318 513 1368 autem
531 1300 690 1390 loquimur
707 1299 852 1388 perfectis
867 1299 936 1366 υ.(’)
981 1299 1019 1366 Et
1035 1301 1271 1388 coniugationes

203 1425 307 1475 autem
331 1431 410 1496 quae
434 1425 506 1475 sunt
529 1409 610 1474 intra
633 1407 791 1487 Pleroma,
814 1407 948 1474 Paulum
964 1405 1080 1474 dixisse
1097 1406 1215 1490 dicunt,
1239 1409 1271 1473 in

204 1538 269 1581 uno
288 1513 523 1582 ostendentem:
543 1512 582 1581 de
599 1537 635 1580 ea
650 1515 735 1580 enim
751 1514 983 1601 coniugatione,
998 1536 1078 1602 quae
1095 1530 1143 1580 est
1161 1535 1272 1580 secun-

202 1620 280 1688 dum
298 1621 378 1688 hanc
401 1623 500 1689 vitam
523 1619 673 1704 scribens,
689 1621 752 1687 ait:
774 1621 875 1688 «Hoc
895 1621 980 1688 enim
1000 1621 1188 1707 mysterium
1205 1643 1273 1687 ma·

205 1757 222 1792 u
237 1753 337 1816 gnum
359 1745 424 1810 est;
443 1727 515 1796 dico
539 1746 645 1795 autem
668 1729 700 1795 in
725 1727 855 1796 Christo
878 1745 908 1795 et
932 1727 1073 1795 Ecclesia
1084 1728 1157 1794 ».(⁴)

272 1834 571 1926 5.[WH.I,18].
628 1833 740 1902 Adhuc
771 1852 876 1902 autem
904 1835 1056 1902 Ioannem
1083 1834 1270 1924 discipulum

203 1943 335 2010 Domini
362 1942 476 2010 docent
504 1944 639 2031 primam
664 1941 851 2030 ogdoadem,
875 1958 906 2008 et
927 1943 1072 2008 omnium
1098 1943 1273 2031 generatio-

202 2159 313 2240 ζονται,
330 2159 393 2243 ητις
407 2161 481 2242 πρὸς
496 2157 596 2243 δλέγον
613 2157 717 2222 δοῦσα
731 2161 782 2222 τδν
796 2157 925 2242 Σωτηρα
938 2159 1015 2241 μετὰ
1029 2165 1087 2221 τῶν
1105 2157 1271 2241 ηλικιωεῶν

202 2267 306 2348 αὐτοῦ,
328 2273 370 2346 τῷ
393 2265 488 2348 λοιπῷ
510 2262 612 2350 χρόνῳ
635 2267 723 2330 παντὶ
739 2263 872 2349 μένουσα
891 2267 923 2330 ἐν
940 2274 977 2349 τη
1001 2261 1142 2348 μεσότητι
1163 2286 1271 2350 προοε·

202 2369 312 2455 δέχετο
334 2372 434 2453 αὐτὸν,
457 2371 531 2435 πότε
554 2369 645 2435 πάλιν
667 2369 822 2434 έλεὺσεται
839 2371 893 2434 καὶ
910 2369 1155 2454 ἀποκαταστήσει
1177 2371 1270 2454 αὐτην

201 2487 241 2562 τῇ
263 2479 354 2562 αὐτῆς
375 2476 512 2562 stupe.
567 2477 631 2542 Καὶ
652 2480 687 2542 οδ
709 2479 805 2562 ὄνομα
827 2477 861 2542 δὲ
882 2478 975 2562 αὐτῆς
998 2475 1190 2562 μέμηνῠσδαι
1212 2477 1270 2542 διεδ

201 2591 257 2646 τοῦ
279 2583 420 2667 Σωτῆρος
438 2582 471 2646 έν
492 2591 535 2666 τῷ
559 2581 727 2668 εἰρηκέναι·
753 2581 848 2646 «Καὶ
869 2581 1035 2666 ἐδικαιώθη
1054 2583 1074 2667 ἡ
1097 2581 1196 2666 Σοφία
1209 2583 1270 2646 ἀπὸ

208 2699 294 2753 «τῶν
311 2688 426 2754 τέκνων
443 2693 582 2774 αδιηςυ·
606 2691 660 2753 καὶ
674 2689 732 2754 ὑπὸ
747 2689 873 2754 Παύλου
887 2690 921 2753 δὲ
936 2692 1047 2765 οὕτως·
1074 2715 1089 2750 u
1105 2688 1218 2773 Σοφίαν
1237 2689 1270 2752 δὲ

207 2821 223 2856 u
235 2796 387 2881 λαλοῦμεν
404 2796 438 2861 έν
455 2805 515 2872 ὀοῐς
537 2795 660 2873 τελείοις
670 2821 702 2860 υ.
749 2795 812 2860 Καὶ
833 2799 887 2872 τὰς
910 2793 1051 2880 συζυγίας
1069 2795 1102 2858 δὲ
1122 2797 1175 2872 τὰς
1189 2795 1272 2872 ένεδς

201 2901 412 2988 Πληρὼμαεος
422 2907 473 2967 τδν
486 2901 610 2968 Παῦλον
624 2901 774 2989 εἰρηκέναι
789 2902 956 2986 φάσκουσιν
972 2903 1021 2966 ἐπὶ
1036 2901 1102 2979 ἑνὸς
1117 2900 1269 2979 δείξαντα·

200 3013 271 3096 περὶ
291 3013 350 3097 γὰρ
371 3021 425 3096 τῆς
442 3011 509 3096 περὶ
527 3015 579 3075 τὸν
595 3009 657 3098 βίον
674 3010 816 3095 συζυγίας
834 3011 957 3096 γρίφων
973 3011 1048 3095 έρη·
1072 3037 1087 3072 α
1100 3008 1144 3074 Τὸ
1160 3009 1270 3095 μυστη-

207 3138 298 3202 aptot
314 3127 402 3183 τοῦτο
420 3117 501 3204 μέγα
519 3118 608 3199 ἐστὶν,
629 3119 690 3202 ἐγὼ
705 3118 738 3181 δὲ
755 3117 835 3203 λέγω
851 3119 892 3196 εἰς
909 3118 1040 3204 Χριστὸν
1058 3119 1111 3182 καὶ
1125 3120 1179 3202 την
1199 3117 1270 3202 Ἐκ-

203 3223 363 3310 ακλησίαν
375 3251 406 3290 ν.

271 3352 300 3417 5.
323 3333 392 3398 Ἔτι
415 3355 448 3398 τε
472 3331 614 3419 Ἰωάννην
636 3336 687 3398 τὸν
710 3332 851 3417 pappele
873 3341 927 3396 τοῦ
951 3331 1066 3418 Κυρίου
1093 3331 1272 3399 διδάσκουσι

196 3440 255 3523 'sip
271 3438 389 3524 πρώτην
403 3439 538 3532 δηδοέιδα
552 3438 765 3526 μεμηνυκέναι,
778 3440 881 3516 αὐταῖς
896 3437 995 3516 λέξεσι
1008 3437 1147 3523 λέγοντες
1159 3443 1268 3516 οὕτως·

201 3545 344 3632 Ἰωάννης
358 3547 375 3612 ὁ
389 3547 530 3634 μαθητὴς
545 3558 598 3614 τοῦ
614 3547 727 3634 Κυρίου
744 3544 925 3634 βουλόμενος
940 3547 1032 3611 εἰπεῖν
1047 3550 1101 3631 την
1119 3557 1178 3612 τῶν
1192 3547 1270 3612 δλων

237 3699 280 3765 (ι)
298 3698 409 3768 Angelis
422 3714 455 3751 ex
468 3697 489 3762 1,
507 3713 518 3766 3
534 3709 560 3751 et
575 3695 612 3750 IV
624 3716 630 3750 :
642 3709 707 3752 nota
761 3698 819 3752 cod.
840 3698 864 3750 D
883 3709 908 3750 et
925 3697 985 3762 alii;
1007 3696 1055 3752 cfr.
1073 3696 1216 3752 Tischend.

201 3781 354 3852 praesertim
364 3788 453 3852 septem
465 3784 540 3834 annis
555 3783 588 3835 ad
599 3783 708 3852 angelos
796 3785 839 3853 (3)
859 3783 869 3836 I
890 3782 952 3836 Cor.
974 3783 1006 3846 ll,
1025 3781 1050 3836 6.

200 3865 286 3917 trahi:
309 3877 405 3919 suntne
429 3866 510 3938 igitur
534 3879 636 3937 septem
661 3883 707 3920 au·
797 3869 840 3938 (4)
857 3867 919 3940 Ερλι.
945 3867 978 3932 V,
1012 3883 1058 3936 32;
1089 3869 1202 3921 alterum
1232 3871 1270 3931 εἰς

200 3950 253 4020 geli
272 3949 340 4004 circa
358 3951 454 4016 lesum,
473 3963 501 4004 ut
519 3951 546 4004 iu
565 3951 708 4004 Medietate
762 3971 816 4006 non
837 3954 924 4006 solum
947 3953 979 4004 lr.
1001 3953 1130 4006 delevisse
1154 3953 1269 4006 ostendit

201 4034 271 4088 circa
290 4033 481 4106 Demiurgum?
762 4037 849 4090 Weiss
862 4039 889 4091 h.
902 4039 918 4091 l.
956 4037 1009 4091 Clr.
1020 4055 1086 4108 quae
1099 4039 1131 4091 de
1145 4038 1269 4108 coniuga-

237 4121 279 4186 (2)
298 4118 364 4173 Luc.
383 4118 442 4184 Vll,
464 4133 511 4187 353
535 4121 566 4172 ab
592 4121 706 4173 omnibus
761 4123 833 4175 tione
852 4133 956 4175 terrena
976 4124 1057 4175 relate
1076 4123 1108 4174 ad
1129 4123 1268 4176 caelestem

201 4203 293 4275 Vulg.;
311 4205 355 4258 sed
374 4207 479 4258 niveus
492 4205 579 4259 delent
593 4221 653 4258 cum
674 4205 706 4259 lt.
762 4206 875 4259 diximus
891 4205 927 4258 Vl
944 4207 982 4274 (η,
999 4223 1022 4276 p.
1043 4220 1100 4270 120,
1115 4223 1141 4259 n.
1161 4209 1196 4273 1).
