3172 5044
391 433 433 476 DE
459 431 615 476 FONTIBUS
636 432 765 478 IRENAEI
789 433 821 478 lli
846 434 885 480 RE
911 433 1031 480 mattea
1202 437 1242 500 29

167 627 278 700 sione
306 652 350 700 ac
379 627 643 724 perspicuitate
677 625 874 700 formulam
903 628 1022 701 innuit
1050 630 1242 704 doctrinae

166 765 280 824 extra
299 751 594 823 controversiam
614 751 768 848 positae,
792 751 934 825 directe
953 749 1163 849 Polycarpo
1182 755 1241 826 tri-

167 876 299 948 buant.
359 875 538 948 Ceterum
555 875 707 948 attende
727 901 801 948 non
818 877 866 949 ab
883 877 1056 949 omnibus
1070 879 1240 975 prolecto

168 999 285 1072 hodie
318 998 444 1072 doceri
484 1000 638 1097 Papiam
676 1001 854 1074 loannem
893 1002 1154 1097 presbyterum
1192 1003 1240 1078 ab

166 1122 343 1219 apostolo
375 1123 487 1195 alium
517 1122 735 1222 indigitasse
765 1123 847 1220 (cfr.
878 1125 980 1197 Bz'bl.
1012 1125 1033 1196 l.
1065 1129 1138 1223 c.):
1170 1151 1238 1199 nec

168 1248 324 1320 demum
354 1246 467 1321 ullum
497 1273 580 1321 esse
600 1249 662 1346 qui
682 1248 837 1322 firmiter
855 1249 1004 1323 tradere
1031 1251 1150 1347 possit
1175 1252 1240 1323 Pa-

168 1371 273 1468 piam
301 1371 398 1444 hunc
427 1372 548 1468 ipsum
576 1373 838 1469 presbyterum
878 1390 918 1445 ut
956 1373 1008 1444 IV
1041 1374 1238 1472 Evangelii

168 1512 364 1569 auctorem
395 1496 615 1594 prodidisse.
675 1497 823 1592 Quibus
855 1497 987 1596 positis
1019 1500 1109 1572 satis
1143 1499 1240 1573 colli-

168 1621 274 1717 gitur
291 1620 544 1694 testimonium
570 1623 613 1694 lr.
645 1622 779 1696 sabulis
800 1622 879 1708 illis,
902 1649 996 1720 quas
1016 1647 1260 1697 commemo·

168 1744 343 1828 ravimus,
377 1745 592 1842 neutiquam
620 1747 810 1820 accenseri
825 1773 949 1845 posse,
966 1749 1098 1821 saltem
1119 1749 1240 1820 donec

168 1869 325 1941 aliunde
339 1868 479 1944 salsitas
494 1870 639 1944 invictis
652 1872 886 1970 argumentis
903 1889 1009 1945 extra
1029 1888 1240 1945 controver-

168 1993 265 2066 siam
294 2009 465 2089 ponatur.

252 2116 393 2192 Verum
422 2136 461 2192 et
488 2119 644 2193 verbum
664 2121 876 2194 laciendum
905 2137 963 2194 est
990 2121 1038 2194 de
1067 2120 1125 2194 his
1149 2121 1238 2218 ipsis

168 2243 273 2316 falsis
301 2242 561 2318 traditionibus
599 2270 696 2340 quae
731 2270 776 2319 ea
808 2261 1044 2341 tempestate,
1080 2245 1116 2317 in
1145 2245 1238 2319 Asia

168 2367 399 2463 praesertim,
424 2367 597 2466 genuinis
616 2367 808 2442 immixtae
828 2385 924 2441 sunt.
983 2370 1063 2442 Nec
1085 2369 1235 2442 mirum:

167 2491 206 2563 id
237 2491 337 2564 enim
366 2491 402 2564 in
430 2491 533 2591 vulgi
562 2493 716 2591 ingenio
744 2519 828 2566 esse
856 2495 1013 2577 videtur,
1041 2493 1239 2568 illustriora

166 2631 280 2714 gesta
306 2641 350 2688 ac
380 2617 539 2700 nomina,
573 2617 634 2690 vix
663 2644 777 2714 quum
802 2619 1044 2716 apparuerint
1072 2617 1239 2715 plurimis

166 2763 305 2812 ornare
324 2739 553 2824 fictionibus;
576 2767 698 2838 neque
719 2743 767 2815 de
796 2743 865 2816 hac
894 2742 976 2840 ipsa
1003 2745 1090 2840 lege
1110 2768 1239 2816 exem-

166 2881 272 2960 ptam
301 2864 420 2961 ipsam
450 2865 588 2938 Christi
625 2891 668 2939 ac
706 2866 921 2963 primaevae
960 2867 1238 2941 christianitatis

165 2987 362 3062 historiam
396 3006 532 3062 norunt
559 3015 702 3075 omnes,
732 2991 795 3087 qui
825 2991 862 3063 in
892 2991 1147 3089 apocrypham
1180 2991 1238 3063 lit-

165 3129 383 3199 teraturam,
414 3140 511 3212 quae
539 3131 626 3188 ante
657 3115 800 3188 Irenaei
829 3132 999 3214 tempora
1020 3115 1152 3199 floruit,
1183 3115 1238 3187 in-

165 3239 358 3312 cumbunt.
416 3240 521 3313 Haec
541 3239 670 3337 utique
690 3257 727 3313 et
748 3241 792 3312 lr.
818 3257 948 3313 noster
966 3241 1117 3324 audivit,
1141 3239 1236 3313 sicut

165 3361 284 3436 etalii
313 3379 400 3436 ante
429 3378 468 3436 et
494 3381 581 3461 post
607 3389 694 3437 eum
723 3365 862 3448 Patres,
895 3391 964 3438 nec
983 3391 1091 3437 secus
1110 3390 1154 3437 ac
1174 3363 1234 3450 illi,

166 3489 354 3584 quaedam
375 3489 586 3561 huiusmodi
606 3489 683 3561 suis
702 3489 880 3586 operibus
909 3489 1074 3574 inseruit,
1106 3489 1156 3561 ita
1186 3506 1236 3562 ta·

166 3636 253 3683 men
283 3627 324 3683 ut
351 3613 485 3686 eadem
513 3638 535 3685 a
563 3614 729 3711 genuina
753 3613 1028 3711 Scripturarum
1049 3614 1237 3710 praedica-

167 3736 268 3810 tione
297 3737 389 3810 scite
417 3737 656 3820 discerneret,
680 3737 769 3836 ipsis
788 3739 901 3812 etiam
927 3739 1092 3811 formulis
1112 3737 1237 3811 relatis

169 3859 302 3954 quibus
330 3859 498 3933 assensui
528 3862 662 3935 modus
690 3879 894 3958 poneretur
926 3863 1003 3960 [clr.
1025 3861 1070 3944 V,
1103 3887 1122 3954 3
1130 3885 1162 3954 3,
1195 3885 1234 3952 4:

177 3999 245 4054 ‹et
270 3984 408 4058 adiecit
439 3984 590 4058 dicens:
631 3986 739 4059 Haec
770 4003 897 4060 autem
928 3986 1118 4059 credibilia
1151 4000 1237 4057 sunt

180 4134 196 4174 ι
211 4109 446 4183 credentibus
460 4113 516 4206 ›].
569 4111 747 4185 Ceterum
765 4112 911 4186 nonnisi
926 4139 1040 4210 parca
1056 4138 1166 4186 manu
1183 4138 1237 4185 er·
