<?xml version="1.0" encoding="UTF-8"?>
<!DOCTYPE html PUBLIC "-//W3C//DTD XHTML 1.0 Transitional//EN"
    "http://www.w3.org/TR/xhtml1/DTD/xhtml1-transitional.dtd">
<html xmlns="http://www.w3.org/1999/xhtml" xml:lang="en" lang="en">
 <head>
  <title>
</title>
<meta http-equiv="Content-Type" content="text/html;charset=utf-8" />
  <meta name='ocr-system' content='tesseract 3.04.00' />
  <meta name='ocr-capabilities' content='ocr_page ocr_carea ocr_par ocr_line ocrx_word'/>
</head>
<body>
  <div class='ocr_page' id='page_1' title='image "./adversushaerese00irengoog_0258.png"; bbox 0 0 3288 5060; ppageno 0'>
   <div class='ocr_carea' id='block_1_1' title="bbox 647 469 874 515">
    <p class='ocr_par' dir='ltr' id='par_1_1' title="bbox 647 469 874 515">
     <span class='ocr_line' id='line_1_1' title="bbox 647 469 874 515; baseline 0 -1"><span class='ocrx_word' id='word_1_1' title='bbox 647 469 737 515; x_wconf 83' lang='lat' dir='ltr'>LIBER</span> <span class='ocrx_word' id='word_1_2' title='bbox 761 469 874 514; x_wconf 84' lang='lat' dir='ltr'>PRIMUS</span> 
     </span>
    </p>
   </div>
   <div class='ocr_carea' id='block_1_2' title="bbox 223 464 1288 536">
    <p class='ocr_par' dir='ltr' id='par_1_2' title="bbox 223 464 1288 536">
     <span class='ocr_line' id='line_1_2' title="bbox 223 464 1288 536; baseline 0.017 -20"><span class='ocrx_word' id='word_1_3' title='bbox 223 464 363 534; x_wconf 65' lang='lat' dir='ltr'>mmm</span> <span class='ocrx_word' id='word_1_4' title='bbox 1227 469 1288 536; x_wconf 59' lang='grc' dir='ltr'>ΖΒ</span> 
     </span>
    </p>
   </div>
   <div class='ocr_carea' id='block_1_3' title="bbox 149 661 1294 1605">
    <p class='ocr_par' dir='ltr' id='par_1_3' title="bbox 224 661 1293 856">
     <span class='ocr_line' id='line_1_3' title="bbox 224 661 1293 752; baseline 0.005 -27"><span class='ocrx_word' id='word_1_5' title='bbox 224 683 382 728; x_wconf 87' lang='lat' dir='ltr'>recurrere</span> <span class='ocrx_word' id='word_1_6' title='bbox 405 661 442 728; x_wconf 87' lang='lat' dir='ltr'>ad</span> <span class='ocrx_word' id='word_1_7' title='bbox 466 685 501 728; x_wconf 92' lang='lat' dir='ltr'>ea</span> <span class='ocrx_word' id='word_1_8' title='bbox 524 685 603 750; x_wconf 90' lang='lat' dir='ltr'>quae</span> <span class='ocrx_word' id='word_1_9' title='bbox 626 681 698 729; x_wconf 89' lang='lat' dir='ltr'>sunt</span> <span class='ocrx_word' id='word_1_10' title='bbox 717 662 858 730; x_wconf 87' lang='lat' dir='ltr'>eiusdem</span> <span class='ocrx_word' id='word_1_11' title='bbox 882 665 1016 752; x_wconf 66' lang='lat' dir='ltr'>generis</span> <span class='ocrx_word' id='word_1_12' title='bbox 1025 665 1058 716; x_wconf 83' lang='lat'>(¹)</span> <span class='ocrx_word' id='word_1_13' title='bbox 1081 662 1171 730; x_wconf 89' lang='lat' dir='ltr'>dicit:</span> <span class='ocrx_word' id='word_1_14' title='bbox 1195 680 1225 730; x_wconf 88' lang='lat' dir='ltr'>et</span> <span class='ocrx_word' id='word_1_15' title='bbox 1244 687 1293 730; x_wconf 90' lang='lat' dir='ltr'>re·</span> 
     </span>
     <span class='ocr_line' id='line_1_4' title="bbox 224 767 968 856; baseline 0.005 -24"><span class='ocrx_word' id='word_1_16' title='bbox 224 767 318 855; x_wconf 86' lang='lat' dir='ltr'>liqna,</span> <span class='ocrx_word' id='word_1_17' title='bbox 338 790 374 833; x_wconf 86' lang='lat' dir='ltr'>ex</span> <span class='ocrx_word' id='word_1_18' title='bbox 393 768 505 856; x_wconf 89' lang='lat' dir='ltr'>quibus</span> <span class='ocrx_word' id='word_1_19' title='bbox 522 768 600 836; x_wconf 86' lang='lat' dir='ltr'>facta</span> <span class='ocrx_word' id='word_1_20' title='bbox 620 788 702 852; x_wconf 88' lang='lat' dir='ltr'>sunt,</span> <span class='ocrx_word' id='word_1_21' title='bbox 722 772 754 838; x_wconf 91' lang='lat' dir='ltr'>in</span> <span class='ocrx_word' id='word_1_22' title='bbox 773 771 826 836; x_wconf 91' lang='lat' dir='ltr'>illa</span> <span class='ocrx_word' id='word_1_23' title='bbox 842 771 968 838; x_wconf 89' lang='lat' dir='ltr'>resolvi.</span> 
     </span>
    </p>

    <p class='ocr_par' dir='ltr' id='par_1_4' title="bbox 149 875 1294 1605">
     <span class='ocr_line' id='line_1_5' title="bbox 295 875 1294 964; baseline 0.003 -24"><span class='ocrx_word' id='word_1_24' title='bbox 295 895 324 940; x_wconf 88' lang='lat'>2.</span> <span class='ocrx_word' id='word_1_25' title='bbox 344 875 539 942; x_wconf 90' lang='lat' dir='ltr'>Salvatorem</span> <span class='ocrx_word' id='word_1_26' title='bbox 560 893 665 942; x_wconf 88' lang='lat' dir='ltr'>autem</span> <span class='ocrx_word' id='word_1_27' title='bbox 683 879 826 943; x_wconf 91' lang='lat' dir='ltr'>innatum</span> <span class='ocrx_word' id='word_1_28' title='bbox 842 876 1079 958; x_wconf 86' lang='lat' dir='ltr'>demonstravit,</span> <span class='ocrx_word' id='word_1_29' title='bbox 1099 895 1129 944; x_wconf 91' lang='lat' dir='ltr'>et</span> <span class='ocrx_word' id='word_1_30' title='bbox 1147 879 1294 964; x_wconf 90' lang='lat' dir='ltr'>incorpo-</span> 
     </span>
     <span class='ocr_line' id='line_1_6' title="bbox 226 981 1292 1072; baseline 0.002 -26"><span class='ocrx_word' id='word_1_31' title='bbox 226 981 334 1063; x_wconf 87' lang='lat' dir='ltr'>ralem,</span> <span class='ocrx_word' id='word_1_32' title='bbox 354 999 385 1048; x_wconf 90' lang='lat' dir='ltr'>et</span> <span class='ocrx_word' id='word_1_33' title='bbox 403 983 470 1048; x_wconf 88' lang='lat' dir='ltr'>sine</span> <span class='ocrx_word' id='word_1_34' title='bbox 489 981 609 1071; x_wconf 80' lang='lat' dir='ltr'>figura3</span> <span class='ocrx_word' id='word_1_35' title='bbox 629 985 765 1072; x_wconf 89' lang='lat' dir='ltr'>putative</span> <span class='ocrx_word' id='word_1_36' title='bbox 784 1001 887 1050; x_wconf 85' lang='lat' dir='ltr'>autem</span> <span class='ocrx_word' id='word_1_37' title='bbox 908 986 1012 1052; x_wconf 90' lang='lat' dir='ltr'>visum</span> <span class='ocrx_word' id='word_1_38' title='bbox 1033 984 1207 1052; x_wconf 90' lang='lat' dir='ltr'>hominem.</span> <span class='ocrx_word' id='word_1_39' title='bbox 1254 984 1292 1049; x_wconf 87' lang='lat' dir='ltr'>Et</span> 
     </span>
     <span class='ocr_line' id='line_1_7' title="bbox 226 1087 1293 1179; baseline 0.002 -27"><span class='ocrx_word' id='word_1_40' title='bbox 226 1087 414 1154; x_wconf 90' lang='lat' dir='ltr'>ludaeorum</span> <span class='ocrx_word' id='word_1_41' title='bbox 439 1089 585 1156; x_wconf 68' lang='lat' dir='ltr'>Deumet</span> <span class='ocrx_word' id='word_1_42' title='bbox 603 1113 701 1156; x_wconf 91' lang='lat' dir='ltr'>unum</span> <span class='ocrx_word' id='word_1_43' title='bbox 727 1114 765 1156; x_wconf 84' lang='lat' dir='ltr'>ex</span> <span class='ocrx_word' id='word_1_44' title='bbox 788 1091 906 1179; x_wconf 88' lang='lat' dir='ltr'>angelis</span> <span class='ocrx_word' id='word_1_45' title='bbox 929 1113 997 1156; x_wconf 86' lang='lat' dir='ltr'>esse</span> <span class='ocrx_word' id='word_1_46' title='bbox 1020 1092 1078 1157; x_wconf 92' lang='lat' dir='ltr'>ait:</span> <span class='ocrx_word' id='word_1_47' title='bbox 1107 1107 1138 1156; x_wconf 94' lang='lat' dir='ltr'>et</span> <span class='ocrx_word' id='word_1_48' title='bbox 1167 1107 1293 1178; x_wconf 89' lang='lat' dir='ltr'>propter</span> 
     </span>
     <span class='ocr_line' id='line_1_8' title="bbox 227 1193 1292 1284; baseline 0 -24"><span class='ocrx_word' id='word_1_49' title='bbox 227 1193 288 1260; x_wconf 93' lang='lat' dir='ltr'>hoc</span> <span class='ocrx_word' id='word_1_50' title='bbox 307 1194 391 1282; x_wconf 91' lang='lat' dir='ltr'>quod</span> <span class='ocrx_word' id='word_1_51' title='bbox 411 1193 582 1262; x_wconf 84' lang='lat' dir='ltr'>dissolvere</span> <span class='ocrx_word' id='word_1_52' title='bbox 600 1196 757 1263; x_wconf 88' lang='lat' dir='ltr'>voluerint</span> <span class='ocrx_word' id='word_1_53' title='bbox 776 1197 902 1263; x_wconf 87' lang='lat' dir='ltr'>Patrem</span> <span class='ocrx_word' id='word_1_54' title='bbox 917 1198 984 1264; x_wconf 91' lang='lat' dir='ltr'>eius</span> <span class='ocrx_word' id='word_1_55' title='bbox 1000 1220 1112 1264; x_wconf 89' lang='lat' dir='ltr'>omnes</span> <span class='ocrx_word' id='word_1_56' title='bbox 1127 1197 1292 1284; x_wconf 85' lang='lat' dir='ltr'>principes,</span> 
     </span>
     <span class='ocr_line' id='line_1_9' title="bbox 149 1300 1293 1383; baseline 0.006 -23"><span class='ocrx_word' id='word_1_57' title='bbox 149 1351 153 1360; x_wconf 88' lang='lat'><em>.</em></span> <span class='ocrx_word' id='word_1_58' title='bbox 227 1300 391 1367; x_wconf 83' lang='lat' dir='ltr'>advenisse</span> <span class='ocrx_word' id='word_1_59' title='bbox 411 1301 574 1370; x_wconf 84' lang='lat' dir='ltr'>Christum</span> <span class='ocrx_word' id='word_1_60' title='bbox 593 1301 631 1370; x_wconf 90' lang='lat' dir='ltr'>ad</span> <span class='ocrx_word' id='word_1_61' title='bbox 650 1303 894 1370; x_wconf 85' lang='lat' dir='ltr'>destructionem</span> <span class='ocrx_word' id='word_1_62' title='bbox 912 1302 1098 1371; x_wconf 89' lang='lat' dir='ltr'>ludaeorum</span> <span class='ocrx_word' id='word_1_63' title='bbox 1111 1303 1187 1383; x_wconf 90' lang='lat' dir='ltr'>Dei,</span> <span class='ocrx_word' id='word_1_64' title='bbox 1206 1300 1293 1368; x_wconf 90' lang='lat' dir='ltr'>etad</span> 
     </span>
     <span class='ocr_line' id='line_1_10' title="bbox 228 1406 1294 1498; baseline 0.002 -26"><span class='ocrx_word' id='word_1_65' title='bbox 228 1406 359 1474; x_wconf 89' lang='lat' dir='ltr'>salutem</span> <span class='ocrx_word' id='word_1_66' title='bbox 384 1408 576 1476; x_wconf 87' lang='lat' dir='ltr'>credentium</span> <span class='ocrx_word' id='word_1_67' title='bbox 601 1411 648 1491; x_wconf 69' lang='grc' dir='ltr'>εἰς</span> <span class='ocrx_word' id='word_1_68' title='bbox 672 1433 740 1476; x_wconf 90' lang='lat' dir='ltr'>esse</span> <span class='ocrx_word' id='word_1_69' title='bbox 763 1427 867 1476; x_wconf 88' lang='lat' dir='ltr'>autem</span> <span class='ocrx_word' id='word_1_70' title='bbox 892 1410 960 1491; x_wconf 75' lang='lat' dir='ltr'>boa,</span> <span class='ocrx_word' id='word_1_71' title='bbox 988 1413 1042 1498; x_wconf 89' lang='lat' dir='ltr'>qui</span> <span class='ocrx_word' id='word_1_72' title='bbox 1073 1409 1188 1476; x_wconf 87' lang='lat' dir='ltr'>habent</span> <span class='ocrx_word' id='word_1_73' title='bbox 1211 1410 1294 1475; x_wconf 89' lang='lat' dir='ltr'>scin-</span> 
     </span>
     <span class='ocr_line' id='line_1_11' title="bbox 228 1513 1292 1605; baseline 0.002 -27"><span class='ocrx_word' id='word_1_74' title='bbox 228 1513 327 1580; x_wconf 90' lang='lat' dir='ltr'>tillam</span> <span class='ocrx_word' id='word_1_75' title='bbox 343 1515 423 1581; x_wconf 88' lang='lat' dir='ltr'>vitae</span> <span class='ocrx_word' id='word_1_76' title='bbox 440 1516 517 1581; x_wconf 91' lang='lat' dir='ltr'>eius.</span> <span class='ocrx_word' id='word_1_77' title='bbox 563 1517 637 1582; x_wconf 92' lang='lat' dir='ltr'>Duo</span> <span class='ocrx_word' id='word_1_78' title='bbox 650 1518 735 1598; x_wconf 88' lang='lat' dir='ltr'>enim</span> <span class='ocrx_word' id='word_1_79' title='bbox 748 1539 862 1605; x_wconf 84' lang='lat' dir='ltr'>genera</span> <span class='ocrx_word' id='word_1_80' title='bbox 880 1517 929 1584; x_wconf 84' lang='lat' dir='ltr'>hic</span> <span class='ocrx_word' id='word_1_81' title='bbox 942 1518 1105 1604; x_wconf 78' lang='lat' dir='ltr'>primus&lt;³l</span> <span class='ocrx_word' id='word_1_82' title='bbox 1123 1515 1292 1582; x_wconf 88' lang='lat' dir='ltr'>hominum</span> 
     </span>
    </p>
   </div>
   <div class='ocr_carea' id='block_1_4' title="bbox 228 1709 1298 2758">
    <p class='ocr_par' dir='ltr' id='par_1_5' title="bbox 228 1709 1296 1999">
     <span class='ocr_line' id='line_1_12' title="bbox 229 1709 1296 1798; baseline 0.005 -27"><span class='ocrx_word' id='word_1_83' title='bbox 229 1711 280 1771; x_wconf 71' lang='grc' dir='ltr'>οὗν</span> <span class='ocrx_word' id='word_1_84' title='bbox 301 1713 352 1773; x_wconf 79' lang='grc' dir='ltr'>τὸν</span> <span class='ocrx_word' id='word_1_85' title='bbox 371 1711 524 1796; x_wconf 70' lang='grc' dir='ltr'>σπινθῆρα</span> <span class='ocrx_word' id='word_1_86' title='bbox 541 1721 595 1796; x_wconf 88' lang='grc' dir='ltr'>τῆς</span> <span class='ocrx_word' id='word_1_87' title='bbox 612 1712 691 1796; x_wconf 84' lang='grc' dir='ltr'>ζωῆς</span> <span class='ocrx_word' id='word_1_88' title='bbox 708 1715 785 1797; x_wconf 70' lang='grc' dir='ltr'>μετὰ</span> <span class='ocrx_word' id='word_1_89' title='bbox 800 1715 854 1796; x_wconf 81' lang='grc' dir='ltr'>τὴν</span> <span class='ocrx_word' id='word_1_90' title='bbox 871 1712 1013 1796; x_wconf 77' lang='grc' dir='ltr'>τελευτὴν</span> <span class='ocrx_word' id='word_1_91' title='bbox 1029 1709 1205 1798; x_wconf 81' lang='grc' dir='ltr'>ἀνατρέχειν</span> <span class='ocrx_word' id='word_1_92' title='bbox 1222 1714 1296 1796; x_wconf 74' lang='grc' dir='ltr'>πρὸς</span> 
     </span>
     <span class='ocr_line' id='line_1_13' title="bbox 228 1816 1296 1904; baseline 0 -24"><span class='ocrx_word' id='word_1_93' title='bbox 228 1821 266 1880; x_wconf 80' lang='grc' dir='ltr'>τὰ</span> <span class='ocrx_word' id='word_1_94' title='bbox 289 1816 425 1902; x_wconf 74' lang='grc' dir='ltr'>ὁμόφυλα</span> <span class='ocrx_word' id='word_1_95' title='bbox 439 1817 533 1904; x_wconf 75' lang='grc' dir='ltr'>λέγει,</span> <span class='ocrx_word' id='word_1_96' title='bbox 548 1823 601 1884; x_wconf 81' lang='grc' dir='ltr'>καὶ</span> <span class='ocrx_word' id='word_1_97' title='bbox 617 1822 654 1884; x_wconf 74' lang='grc' dir='ltr'>τὰ</span> <span class='ocrx_word' id='word_1_98' title='bbox 669 1819 771 1902; x_wconf 73' lang='grc' dir='ltr'>λοιπά,</span> <span class='ocrx_word' id='word_1_99' title='bbox 788 1819 820 1898; x_wconf 82' lang='grc' dir='ltr'>ἐξ</span> <span class='ocrx_word' id='word_1_100' title='bbox 842 1821 884 1885; x_wconf 81' lang='grc' dir='ltr'>ὢν</span> <span class='ocrx_word' id='word_1_101' title='bbox 901 1818 1031 1904; x_wconf 77' lang='grc' dir='ltr'>ἐγένετο,</span> <span class='ocrx_word' id='word_1_102' title='bbox 1050 1819 1092 1896; x_wconf 84' lang='grc' dir='ltr'>εἰς</span> <span class='ocrx_word' id='word_1_103' title='bbox 1111 1818 1212 1882; x_wconf 80' lang='grc' dir='ltr'>ἐκεῖνα</span> <span class='ocrx_word' id='word_1_104' title='bbox 1226 1820 1296 1881; x_wconf 83' lang='grc' dir='ltr'>ἀνα-</span> 
     </span>
     <span class='ocr_line' id='line_1_14' title="bbox 229 1923 1245 1999; baseline 0.002 -13"><span class='ocrx_word' id='word_1_105' title='bbox 229 1923 367 1989; x_wconf 71' lang='grc' dir='ltr'>λύεσθαι.</span> <span class='ocrx_word' id='word_1_106' title='bbox 1242 1993 1245 1999; x_wconf 62' lang='grc'><strong>,</strong></span> 
     </span>
    </p>

    <p class='ocr_par' dir='ltr' id='par_1_6' title="bbox 230 2029 1298 2758">
     <span class='ocr_line' id='line_1_15' title="bbox 298 2029 1296 2119; baseline 0 -25"><span class='ocrx_word' id='word_1_107' title='bbox 298 2049 326 2094; x_wconf 88' lang='lat'>2.</span> <span class='ocrx_word' id='word_1_108' title='bbox 350 2029 411 2095; x_wconf 79' lang='grc' dir='ltr'>Τὸν</span> <span class='ocrx_word' id='word_1_109' title='bbox 434 2033 467 2096; x_wconf 86' lang='grc' dir='ltr'>δὲ</span> <span class='ocrx_word' id='word_1_110' title='bbox 491 2032 618 2119; x_wconf 79' lang='grc' dir='ltr'>Σωτῆρα</span> <span class='ocrx_word' id='word_1_111' title='bbox 641 2033 803 2119; x_wconf 82' lang='grc' dir='ltr'>ἀγέννητον</span> <span class='ocrx_word' id='word_1_112' title='bbox 824 2033 967 2116; x_wconf 69' lang='grc' dir='ltr'>ὑπέθετο,</span> <span class='ocrx_word' id='word_1_113' title='bbox 990 2035 1044 2099; x_wconf 77' lang='grc' dir='ltr'>καὶ</span> <span class='ocrx_word' id='word_1_114' title='bbox 1066 2032 1226 2117; x_wconf 82' lang='grc' dir='ltr'>ἀσώματον</span> <span class='ocrx_word' id='word_1_115' title='bbox 1244 2035 1296 2094; x_wconf 79' lang='grc' dir='ltr'>καὶ</span> 
     </span>
     <span class='ocr_line' id='line_1_16' title="bbox 230 2135 1295 2228; baseline 0.003 -29"><span class='ocrx_word' id='word_1_116' title='bbox 230 2135 370 2220; x_wconf 81' lang='grc' dir='ltr'>ἀνείδεον,</span> <span class='ocrx_word' id='word_1_117' title='bbox 394 2137 517 2222; x_wconf 74' lang='grc' dir='ltr'>δοκήσει</span> <span class='ocrx_word' id='word_1_118' title='bbox 540 2140 574 2204; x_wconf 85' lang='grc' dir='ltr'>δὲ</span> <span class='ocrx_word' id='word_1_119' title='bbox 592 2138 803 2224; x_wconf 81' lang='grc' dir='ltr'>έπιιιερηνέναι</span> <span class='ocrx_word' id='word_1_120' title='bbox 819 2141 997 2228; x_wconf 67' lang='grc' dir='ltr'>ἄνθρωπον·</span> <span class='ocrx_word' id='word_1_121' title='bbox 1014 2143 1067 2203; x_wconf 73' lang='grc' dir='ltr'>καὶ</span> <span class='ocrx_word' id='word_1_122' title='bbox 1081 2143 1132 2203; x_wconf 73' lang='grc' dir='ltr'>ιον</span> <span class='ocrx_word' id='word_1_123' title='bbox 1145 2148 1203 2203; x_wconf 86' lang='grc' dir='ltr'>τῶν</span> <span class='ocrx_word' id='word_1_124' title='bbox 1219 2137 1295 2204; x_wconf 90' lang='lat' dir='ltr'>’Icu-</span> 
     </span>
     <span class='ocr_line' id='line_1_17' title="bbox 231 2243 1297 2332; baseline 0.001 -25"><span class='ocrx_word' id='word_1_125' title='bbox 231 2243 319 2308; x_wconf 75' lang='lat' dir='ltr'>boeluv</span> <span class='ocrx_word' id='word_1_126' title='bbox 342 2243 420 2310; x_wconf 78' lang='grc' dir='ltr'>Θεὸν</span> <span class='ocrx_word' id='word_1_127' title='bbox 439 2247 492 2310; x_wconf 83' lang='grc' dir='ltr'>ἕνα</span> <span class='ocrx_word' id='word_1_128' title='bbox 509 2255 567 2309; x_wconf 81' lang='grc' dir='ltr'>τῶν</span> <span class='ocrx_word' id='word_1_129' title='bbox 591 2245 728 2331; x_wconf 85' lang='grc' dir='ltr'>ἀγγέλων</span> <span class='ocrx_word' id='word_1_130' title='bbox 751 2248 824 2310; x_wconf 74' lang='grc' dir='ltr'>εἶναι</span> <span class='ocrx_word' id='word_1_131' title='bbox 842 2246 930 2332; x_wconf 67' lang='lat' dir='ltr'>appui·</span> <span class='ocrx_word' id='word_1_132' title='bbox 950 2248 1003 2309; x_wconf 75' lang='grc' dir='ltr'>καὶ</span> <span class='ocrx_word' id='word_1_133' title='bbox 1017 2247 1067 2309; x_wconf 83' lang='grc' dir='ltr'>διὰ</span> <span class='ocrx_word' id='word_1_134' title='bbox 1082 2249 1116 2309; x_wconf 80' lang='grc' dir='ltr'>τὸ</span> <span class='ocrx_word' id='word_1_135' title='bbox 1132 2245 1297 2332; x_wconf 81' lang='grc' dir='ltr'>βούλεσθαι</span> 
     </span>
     <span class='ocr_line' id='line_1_18' title="bbox 230 2349 1296 2438; baseline 0.002 -25"><span class='ocrx_word' id='word_1_136' title='bbox 230 2353 282 2414; x_wconf 76' lang='grc' dir='ltr'>τὸν</span> <span class='ocrx_word' id='word_1_137' title='bbox 297 2349 420 2435; x_wconf 79' lang='grc' dir='ltr'>Πατέρα</span> <span class='ocrx_word' id='word_1_138' title='bbox 435 2351 603 2416; x_wconf 82' lang='grc' dir='ltr'>καταλῦσαι</span> <span class='ocrx_word' id='word_1_139' title='bbox 619 2352 732 2429; x_wconf 74' lang='grc' dir='ltr'>πάντας</span> <span class='ocrx_word' id='word_1_140' title='bbox 746 2357 814 2432; x_wconf 81' lang='grc' dir='ltr'>τοὺς</span> <span class='ocrx_word' id='word_1_141' title='bbox 832 2355 991 2438; x_wconf 76' lang='grc' dir='ltr'>ἄρχοντας,</span> <span class='ocrx_word' id='word_1_142' title='bbox 1005 2352 1233 2438; x_wconf 71' lang='grc' dir='ltr'>παραγενέσθαι</span> <span class='ocrx_word' id='word_1_143' title='bbox 1247 2357 1296 2416; x_wconf 72' lang='grc' dir='ltr'>τὸν</span> 
     </span>
     <span class='ocr_line' id='line_1_19' title="bbox 231 2455 1298 2544; baseline 0.002 -24"><span class='ocrx_word' id='word_1_144' title='bbox 231 2455 361 2540; x_wconf 83' lang='grc' dir='ltr'>Χριστὸν</span> <span class='ocrx_word' id='word_1_145' title='bbox 377 2459 427 2520; x_wconf 84' lang='grc' dir='ltr'>ἐπὶ</span> <span class='ocrx_word' id='word_1_146' title='bbox 443 2458 609 2524; x_wconf 69' lang='grc' dir='ltr'>καταλύσει</span> <span class='ocrx_word' id='word_1_147' title='bbox 624 2469 676 2522; x_wconf 80' lang='grc' dir='ltr'>τοῦ</span> <span class='ocrx_word' id='word_1_148' title='bbox 691 2469 748 2526; x_wconf 83' lang='grc' dir='ltr'>τῶν</span> <span class='ocrx_word' id='word_1_149' title='bbox 763 2458 916 2524; x_wconf 77' lang='grc' dir='ltr'>Ἰουδαίων</span> <span class='ocrx_word' id='word_1_150' title='bbox 932 2457 1022 2541; x_wconf 84' lang='grc' dir='ltr'>Θεοῦ,</span> <span class='ocrx_word' id='word_1_151' title='bbox 1039 2462 1092 2523; x_wconf 80' lang='grc' dir='ltr'>καὶ</span> <span class='ocrx_word' id='word_1_152' title='bbox 1105 2459 1155 2523; x_wconf 75' lang='grc' dir='ltr'>ἐπὶ</span> <span class='ocrx_word' id='word_1_153' title='bbox 1166 2458 1298 2544; x_wconf 76' lang='grc' dir='ltr'>σωτηρία</span> 
     </span>
     <span class='ocr_line' id='line_1_20' title="bbox 230 2563 1298 2652; baseline 0.002 -25"><span class='ocrx_word' id='word_1_154' title='bbox 230 2573 289 2627; x_wconf 82' lang='grc' dir='ltr'>τῶν</span> <span class='ocrx_word' id='word_1_155' title='bbox 302 2563 490 2650; x_wconf 71' lang='grc' dir='ltr'>πειθομένων</span> <span class='ocrx_word' id='word_1_156' title='bbox 504 2567 602 2650; x_wconf 83' lang='grc' dir='ltr'>αὐτῷ·</span> <span class='ocrx_word' id='word_1_157' title='bbox 626 2568 699 2630; x_wconf 74' lang='grc' dir='ltr'>εἶναι</span> <span class='ocrx_word' id='word_1_158' title='bbox 713 2568 748 2630; x_wconf 80' lang='grc' dir='ltr'>δὲ</span> <span class='ocrx_word' id='word_1_159' title='bbox 766 2563 977 2644; x_wconf 79' lang='grc' dir='ltr'>τούτους.τοὺς</span> <span class='ocrx_word' id='word_1_160' title='bbox 999 2568 1125 2652; x_wconf 81' lang='grc' dir='ltr'>ἔχοντας</span> <span class='ocrx_word' id='word_1_161' title='bbox 1143 2570 1194 2630; x_wconf 76' lang='grc' dir='ltr'>τὸν</span> <span class='ocrx_word' id='word_1_162' title='bbox 1216 2588 1298 2630; x_wconf 83' lang='grc' dir='ltr'>σπιν-</span> 
     </span>
     <span class='ocr_line' id='line_1_21' title="bbox 231 2670 1298 2758; baseline 0 -22"><span class='ocrx_word' id='word_1_163' title='bbox 231 2670 314 2755; x_wconf 79' lang='grc' dir='ltr'>θῆρα</span> <span class='ocrx_word' id='word_1_164' title='bbox 331 2681 383 2756; x_wconf 78' lang='grc' dir='ltr'>τῆς</span> <span class='ocrx_word' id='word_1_165' title='bbox 400 2673 480 2756; x_wconf 80' lang='grc' dir='ltr'>ζωῆς</span> <span class='ocrx_word' id='word_1_166' title='bbox 503 2672 535 2736; x_wconf 84' lang='grc' dir='ltr'>έν</span> <span class='ocrx_word' id='word_1_167' title='bbox 558 2675 666 2750; x_wconf 77' lang='grc' dir='ltr'>αὐτοῖς.</span> <span class='ocrx_word' id='word_1_168' title='bbox 713 2674 774 2738; x_wconf 84' lang='grc' dir='ltr'>Δύο</span> <span class='ocrx_word' id='word_1_169' title='bbox 797 2676 855 2757; x_wconf 82' lang='grc' dir='ltr'>γὰρ</span> <span class='ocrx_word' id='word_1_170' title='bbox 877 2673 950 2758; x_wconf 75' lang='grc' dir='ltr'>γένη</span> <span class='ocrx_word' id='word_1_171' title='bbox 973 2683 1031 2738; x_wconf 83' lang='grc' dir='ltr'>τῶν</span> <span class='ocrx_word' id='word_1_172' title='bbox 1053 2671 1222 2758; x_wconf 75' lang='grc' dir='ltr'>ἀνθρώπων</span> <span class='ocrx_word' id='word_1_173' title='bbox 1240 2673 1298 2736; x_wconf 76' lang='grc' dir='ltr'>ὑπὸ</span> 
     </span>
    </p>
   </div>
   <div class='ocr_carea' id='block_1_5' title="bbox 234 2849 740 3408">
    <p class='ocr_par' dir='ltr' id='par_1_7' title="bbox 234 2849 737 3086">
     <span class='ocr_line' id='line_1_22' title="bbox 269 2849 737 2920; baseline 0.002 -21"><span class='ocrx_word' id='word_1_174' title='bbox 269 2849 311 2916; x_wconf 89' lang='grc' dir='ltr'>(ι)</span> <span class='ocrx_word' id='word_1_175' title='bbox 324 2849 368 2900; x_wconf 70' lang='lat' dir='ltr'>An</span> <span class='ocrx_word' id='word_1_176' title='bbox 381 2849 448 2920; x_wconf 82' lang='lat' dir='ltr'>ignis</span> <span class='ocrx_word' id='word_1_177' title='bbox 461 2849 656 2919; x_wconf 88' lang='lat' dir='ltr'>intelligendus,</span> <span class='ocrx_word' id='word_1_178' title='bbox 667 2849 737 2920; x_wconf 83' lang='lat' dir='ltr'>quia</span> 
     </span>
     <span class='ocr_line' id='line_1_23' title="bbox 234 2929 737 3004; baseline 0.008 -22"><span class='ocrx_word' id='word_1_179' title='bbox 234 2929 343 2984; x_wconf 88' lang='lat' dir='ltr'>Simone</span> <span class='ocrx_word' id='word_1_180' title='bbox 366 2936 419 3003; x_wconf 88' lang='lat' dir='ltr'>(ap.</span> <span class='ocrx_word' id='word_1_181' title='bbox 441 2931 515 2985; x_wconf 70' lang='lat' dir='ltr'>Hu&#39;a.</span> <span class='ocrx_word' id='word_1_182' title='bbox 536 2932 582 2997; x_wconf 92' lang='lat' dir='ltr'>Vl,</span> <span class='ocrx_word' id='word_1_183' title='bbox 601 2935 630 3004; x_wconf 85' lang='lat'>9)</span> <span class='ocrx_word' id='word_1_184' title='bbox 650 2950 737 2986; x_wconf 87' lang='lat' dir='ltr'>rerum</span> 
     </span>
     <span class='ocr_line' id='line_1_24' title="bbox 235 3015 625 3086; baseline 0.013 -20"><span class='ocrx_word' id='word_1_185' title='bbox 235 3015 392 3086; x_wconf 89' lang='lat' dir='ltr'>principium</span> <span class='ocrx_word' id='word_1_186' title='bbox 411 3017 524 3070; x_wconf 84' lang='lat' dir='ltr'>dicitur?</span> <span class='ocrx_word' id='word_1_187' title='bbox 624 3017 625 3020; x_wconf 65' lang='grc'>’</span> 
     </span>
    </p>

    <p class='ocr_par' dir='ltr' id='par_1_8' title="bbox 234 3099 740 3408">
     <span class='ocr_line' id='line_1_25' title="bbox 269 3099 738 3172; baseline 0.006 -21"><span class='ocrx_word' id='word_1_188' title='bbox 269 3101 311 3166; x_wconf 86' lang='lat'>(2)</span> <span class='ocrx_word' id='word_1_189' title='bbox 330 3099 378 3153; x_wconf 91' lang='lat' dir='ltr'>Hic</span> <span class='ocrx_word' id='word_1_190' title='bbox 398 3101 526 3172; x_wconf 90' lang='lat' dir='ltr'>incipiunt</span> <span class='ocrx_word' id='word_1_191' title='bbox 541 3101 646 3172; x_wconf 88' lang='lat' dir='ltr'>propria</span> <span class='ocrx_word' id='word_1_192' title='bbox 661 3102 738 3162; x_wconf 88' lang='lat' dir='ltr'>huius</span> 
     </span>
     <span class='ocr_line' id='line_1_26' title="bbox 235 3184 738 3256; baseline 0.008 -21"><span class='ocrx_word' id='word_1_193' title='bbox 235 3184 339 3237; x_wconf 88' lang='lat' dir='ltr'>scholae</span> <span class='ocrx_word' id='word_1_194' title='bbox 362 3185 544 3239; x_wconf 52' lang='lat' dir='ltr'>*Basilidianae</span> <span class='ocrx_word' id='word_1_195' title='bbox 577 3187 618 3239; x_wconf 87' lang='lat' dir='ltr'>vel</span> <span class='ocrx_word' id='word_1_196' title='bbox 651 3186 738 3256; x_wconf 86' lang='lat' dir='ltr'>potius</span> 
     </span>
     <span class='ocr_line' id='line_1_27' title="bbox 234 3268 740 3340; baseline 0.006 -20"><span class='ocrx_word' id='word_1_197' title='bbox 234 3268 431 3324; x_wconf 81' lang='lat' dir='ltr'>lllarcioniticae</span> <span class='ocrx_word' id='word_1_198' title='bbox 449 3287 516 3340; x_wconf 87' lang='lat' dir='ltr'>quae</span> <span class='ocrx_word' id='word_1_199' title='bbox 533 3270 664 3324; x_wconf 89' lang='lat' dir='ltr'>hellenico</span> <span class='ocrx_word' id='word_1_200' title='bbox 677 3271 740 3324; x_wconf 93' lang='lat' dir='ltr'>odio</span> 
     </span>
     <span class='ocr_line' id='line_1_28' title="bbox 235 3351 739 3408; baseline 0.006 -3"><span class='ocrx_word' id='word_1_201' title='bbox 235 3351 365 3408; x_wconf 80' lang='lat' dir='ltr'>terebatur</span> <span class='ocrx_word' id='word_1_202' title='bbox 391 3355 418 3407; x_wconf 92' lang='lat' dir='ltr'>in</span> <span class='ocrx_word' id='word_1_203' title='bbox 446 3355 615 3408; x_wconf 87' lang='lat' dir='ltr'>iudaismum.</span> <span class='ocrx_word' id='word_1_204' title='bbox 658 3355 739 3408; x_wconf 80' lang='lat' dir='ltr'>Iahve</span> 
     </span>
    </p>
   </div>
   <div class='ocr_carea' id='block_1_6' title="bbox 136 3437 739 3510">
    <p class='ocr_par' dir='ltr' id='par_1_9' title="bbox 136 3437 739 3510">
     <span class='ocr_line' id='line_1_29' title="bbox 136 3437 739 3510; baseline 0.005 -21"><span class='ocrx_word' id='word_1_205' title='bbox 136 3459 139 3466; x_wconf 59' lang='lat'>¹</span> <span class='ocrx_word' id='word_1_206' title='bbox 235 3450 312 3507; x_wconf 91' lang='lat' dir='ltr'>caput</span> <span class='ocrx_word' id='word_1_207' title='bbox 336 3451 375 3492; x_wconf 89' lang='lat' dir='ltr'>est</span> <span class='ocrx_word' id='word_1_208' title='bbox 397 3439 607 3510; x_wconf 87' lang='lat' dir='ltr'>perduellionum</span> <span class='ocrx_word' id='word_1_209' title='bbox 622 3437 739 3510; x_wconf 62' lang='lat' dir='ltr'>&#39;angelo-</span> 
     </span>
    </p>
   </div>
   <div class='ocr_carea' id='block_1_7' title="bbox 234 3524 740 4271">
    <p class='ocr_par' dir='ltr' id='par_1_10' title="bbox 234 3524 740 4271">
     <span class='ocr_line' id='line_1_30' title="bbox 236 3524 739 3590; baseline 0.004 -16"><span class='ocrx_word' id='word_1_210' title='bbox 236 3539 293 3575; x_wconf 89' lang='lat' dir='ltr'>rum</span> <span class='ocrx_word' id='word_1_211' title='bbox 305 3524 447 3590; x_wconf 75' lang='grc' dir='ltr'>(αρχοντες</span> <span class='ocrx_word' id='word_1_212' title='bbox 455 3525 578 3578; x_wconf 87' lang='lat' dir='ltr'>technica</span> <span class='ocrx_word' id='word_1_213' title='bbox 590 3525 650 3578; x_wconf 91' lang='lat' dir='ltr'>huic</span> <span class='ocrx_word' id='word_1_214' title='bbox 664 3526 739 3578; x_wconf 89' lang='lat' dir='ltr'>scho-</span> 
     </span>
     <span class='ocr_line' id='line_1_31' title="bbox 236 3606 740 3679; baseline 0.008 -22"><span class='ocrx_word' id='word_1_215' title='bbox 236 3606 276 3659; x_wconf 88' lang='lat' dir='ltr'>lae</span> <span class='ocrx_word' id='word_1_216' title='bbox 288 3607 407 3679; x_wconf 89' lang='lat' dir='ltr'>loquutio</span> <span class='ocrx_word' id='word_1_217' title='bbox 417 3632 434 3653; x_wconf 95' lang='lat'><strong><em>=</em></strong></span> <span class='ocrx_word' id='word_1_218' title='bbox 445 3609 566 3677; x_wconf 58' lang='lat' dir='ltr'>Aeonem:</span> <span class='ocrx_word' id='word_1_219' title='bbox 582 3609 606 3662; x_wconf 89' lang='lat' dir='ltr'>ei</span> <span class='ocrx_word' id='word_1_220' title='bbox 618 3609 740 3662; x_wconf 88' lang='lat' dir='ltr'>Christus</span> 
     </span>
     <span class='ocr_line' id='line_1_32' title="bbox 235 3689 739 3763; baseline 0.008 -21"><span class='ocrx_word' id='word_1_221' title='bbox 235 3689 355 3746; x_wconf 81' lang='lat' dir='ltr'>Salvator</span> <span class='ocrx_word' id='word_1_222' title='bbox 384 3694 534 3763; x_wconf 90' lang='lat' dir='ltr'>opponitur.</span> <span class='ocrx_word' id='word_1_223' title='bbox 580 3693 681 3747; x_wconf 86' lang='lat' dir='ltr'>Verum</span> <span class='ocrx_word' id='word_1_224' title='bbox 711 3706 739 3746; x_wconf 91' lang='lat' dir='ltr'>ut</span> 
     </span>
     <span class='ocr_line' id='line_1_33' title="bbox 235 3774 740 3847; baseline 0.004 -20"><span class='ocrx_word' id='word_1_225' title='bbox 235 3774 336 3844; x_wconf 88' lang='lat' dir='ltr'>plenior</span> <span class='ocrx_word' id='word_1_226' title='bbox 355 3776 445 3847; x_wconf 89' lang='lat' dir='ltr'>imago</span> <span class='ocrx_word' id='word_1_227' title='bbox 464 3777 540 3830; x_wconf 90' lang='lat' dir='ltr'>huius</span> <span class='ocrx_word' id='word_1_228' title='bbox 554 3777 740 3847; x_wconf 83' lang='lat' dir='ltr'>soteriologiae</span> 
     </span>
     <span class='ocr_line' id='line_1_34' title="bbox 236 3860 740 3932; baseline 0.004 -20"><span class='ocrx_word' id='word_1_229' title='bbox 236 3876 314 3932; x_wconf 87' lang='lat' dir='ltr'>quam</span> <span class='ocrx_word' id='word_1_230' title='bbox 331 3860 364 3914; x_wconf 88' lang='lat' dir='ltr'>lr.</span> <span class='ocrx_word' id='word_1_231' title='bbox 377 3861 536 3914; x_wconf 88' lang='lat' dir='ltr'>subobscure</span> <span class='ocrx_word' id='word_1_232' title='bbox 551 3862 631 3914; x_wconf 84' lang='lat' dir='ltr'>tradit</span> <span class='ocrx_word' id='word_1_233' title='bbox 647 3862 682 3914; x_wconf 90' lang='lat' dir='ltr'>ita</span> <span class='ocrx_word' id='word_1_234' title='bbox 698 3878 740 3914; x_wconf 87' lang='lat' dir='ltr'>res</span> 
     </span>
     <span class='ocr_line' id='line_1_35' title="bbox 235 3943 740 3999; baseline 0.006 -4"><span class='ocrx_word' id='word_1_235' title='bbox 235 3943 395 3998; x_wconf 82' lang='lat' dir='ltr'>restituenda</span> <span class='ocrx_word' id='word_1_236' title='bbox 427 3945 539 3999; x_wconf 88' lang='lat' dir='ltr'>videtur.</span> <span class='ocrx_word' id='word_1_237' title='bbox 604 3945 740 3999; x_wconf 86' lang='lat' dir='ltr'>Praecedit</span> 
     </span>
     <span class='ocr_line' id='line_1_36' title="bbox 235 4029 740 4084; baseline 0.004 -4"><span class='ocrx_word' id='word_1_238' title='bbox 235 4029 333 4082; x_wconf 84' lang='lat' dir='ltr'>creatio</span> <span class='ocrx_word' id='word_1_239' title='bbox 345 4029 486 4082; x_wconf 90' lang='lat' dir='ltr'>hominum</span> <span class='ocrx_word' id='word_1_240' title='bbox 499 4042 525 4084; x_wconf 92' lang='lat' dir='ltr'>et</span> <span class='ocrx_word' id='word_1_241' title='bbox 538 4031 635 4084; x_wconf 90' lang='lat' dir='ltr'>horum</span> <span class='ocrx_word' id='word_1_242' title='bbox 648 4031 740 4083; x_wconf 91' lang='lat' dir='ltr'>distin-</span> 
     </span>
     <span class='ocr_line' id='line_1_37' title="bbox 235 4113 739 4180; baseline 0.004 -16"><span class='ocrx_word' id='word_1_243' title='bbox 235 4113 288 4165; x_wconf 89' lang='lat' dir='ltr'>ctio</span> <span class='ocrx_word' id='word_1_244' title='bbox 311 4113 338 4167; x_wconf 90' lang='lat' dir='ltr'>in</span> <span class='ocrx_word' id='word_1_245' title='bbox 363 4115 427 4167; x_wconf 89' lang='lat' dir='ltr'>duas</span> <span class='ocrx_word' id='word_1_246' title='bbox 452 4116 556 4180; x_wconf 85' lang='lat' dir='ltr'>classes,</span> <span class='ocrx_word' id='word_1_247' title='bbox 578 4116 662 4168; x_wconf 90' lang='lat' dir='ltr'>bonos</span> <span class='ocrx_word' id='word_1_248' title='bbox 683 4132 739 4167; x_wconf 91' lang='lat' dir='ltr'>ma·</span> 
     </span>
     <span class='ocr_line' id='line_1_38' title="bbox 234 4195 739 4271; baseline 0.01 -24"><span class='ocrx_word' id='word_1_249' title='bbox 234 4195 321 4256; x_wconf 71' lang='lat' dir='ltr'>losse:</span> <span class='ocrx_word' id='word_1_250' title='bbox 343 4200 488 4271; x_wconf 89' lang='lat' dir='ltr'>insequitur</span> <span class='ocrx_word' id='word_1_251' title='bbox 507 4200 615 4253; x_wconf 87' lang='lat' dir='ltr'>rebellio</span> <span class='ocrx_word' id='word_1_252' title='bbox 634 4200 739 4269; x_wconf 88' lang='lat' dir='ltr'>angelo·</span> 
     </span>
    </p>
   </div>
   <div class='ocr_carea' id='block_1_8' title="bbox 792 2847 1303 4185">
    <p class='ocr_par' dir='ltr' id='par_1_11' title="bbox 792 2847 1303 4185">
     <span class='ocr_line' id='line_1_39' title="bbox 792 2847 1298 2920; baseline -0.004 -20"><span class='ocrx_word' id='word_1_253' title='bbox 792 2866 850 2901; x_wconf 90' lang='lat' dir='ltr'>rum</span> <span class='ocrx_word' id='word_1_254' title='bbox 860 2859 1002 2920; x_wconf 86' lang='lat' dir='ltr'>praeeunte</span> <span class='ocrx_word' id='word_1_255' title='bbox 1013 2847 1102 2910; x_wconf 88' lang='lat' dir='ltr'>Iahve‚</span> <span class='ocrx_word' id='word_1_256' title='bbox 1112 2858 1204 2900; x_wconf 91' lang='lat' dir='ltr'>contra</span> <span class='ocrx_word' id='word_1_257' title='bbox 1212 2847 1298 2902; x_wconf 90' lang='lat' dir='ltr'>Deum</span> 
     </span>
     <span class='ocr_line' id='line_1_40' title="bbox 792 2931 1299 3003; baseline -0.004 -19"><span class='ocrx_word' id='word_1_258' title='bbox 792 2932 888 3003; x_wconf 90' lang='lat' dir='ltr'>inqua</span> <span class='ocrx_word' id='word_1_259' title='bbox 915 2933 985 2984; x_wconf 92' lang='lat' dir='ltr'>lucta</span> <span class='ocrx_word' id='word_1_260' title='bbox 1003 2933 1065 2985; x_wconf 90' lang='lat' dir='ltr'>hinc</span> <span class='ocrx_word' id='word_1_261' title='bbox 1091 2931 1213 2983; x_wconf 89' lang='lat' dir='ltr'>homines</span> <span class='ocrx_word' id='word_1_262' title='bbox 1236 2931 1299 2982; x_wconf 90' lang='lat' dir='ltr'>mali</span> 
     </span>
     <span class='ocr_line' id='line_1_41' title="bbox 792 3016 1299 3086; baseline -0.006 -17"><span class='ocrx_word' id='word_1_263' title='bbox 792 3034 852 3069; x_wconf 89' lang='lat' dir='ltr'>cum</span> <span class='ocrx_word' id='word_1_264' title='bbox 878 3017 1061 3082; x_wconf 87' lang='lat' dir='ltr'>daemonibus,</span> <span class='ocrx_word' id='word_1_265' title='bbox 1088 3016 1149 3068; x_wconf 90' lang='lat' dir='ltr'>inde</span> <span class='ocrx_word' id='word_1_266' title='bbox 1171 3016 1233 3068; x_wconf 91' lang='lat' dir='ltr'>boni</span> <span class='ocrx_word' id='word_1_267' title='bbox 1253 3033 1299 3086; x_wconf 92' lang='lat' dir='ltr'>pu·</span> 
     </span>
     <span class='ocr_line' id='line_1_42' title="bbox 792 3099 1300 3172; baseline 0 -19"><span class='ocrx_word' id='word_1_268' title='bbox 792 3113 885 3172; x_wconf 86' lang='lat' dir='ltr'>gnant,</span> <span class='ocrx_word' id='word_1_269' title='bbox 895 3101 978 3156; x_wconf 89' lang='lat' dir='ltr'>donec</span> <span class='ocrx_word' id='word_1_270' title='bbox 988 3101 1109 3154; x_wconf 85' lang='lat' dir='ltr'>Salvator</span> <span class='ocrx_word' id='word_1_271' title='bbox 1122 3099 1300 3154; x_wconf 78' lang='lat' dir='ltr'>advenertt&#39;in</span> 
     </span>
     <span class='ocr_line' id='line_1_43' title="bbox 792 3185 1299 3238; baseline -0.006 0"><span class='ocrx_word' id='word_1_272' title='bbox 792 3187 888 3238; x_wconf 91' lang='lat' dir='ltr'>horum</span> <span class='ocrx_word' id='word_1_273' title='bbox 899 3186 1035 3238; x_wconf 84' lang='lat' dir='ltr'>auxilium.</span> <span class='ocrx_word' id='word_1_274' title='bbox 1043 3185 1143 3238; x_wconf 88' lang='lat' dir='ltr'>Verum</span> <span class='ocrx_word' id='word_1_275' title='bbox 1159 3186 1299 3238; x_wconf 87' lang='lat' dir='ltr'>obscurum</span> 
     </span>
     <span class='ocr_line' id='line_1_44' title="bbox 793 3270 1301 3324; baseline -0.004 -1"><span class='ocrx_word' id='word_1_276' title='bbox 793 3282 883 3324; x_wconf 89' lang='lat' dir='ltr'>manet</span> <span class='ocrx_word' id='word_1_277' title='bbox 902 3271 972 3324; x_wconf 86' lang='lat' dir='ltr'>unde</span> <span class='ocrx_word' id='word_1_278' title='bbox 996 3283 1022 3324; x_wconf 89' lang='lat' dir='ltr'>et</span> <span class='ocrx_word' id='word_1_279' title='bbox 1046 3288 1092 3324; x_wconf 88' lang='lat' dir='ltr'>cur</span> <span class='ocrx_word' id='word_1_280' title='bbox 1107 3270 1160 3323; x_wconf 89' lang='lat' dir='ltr'>sint</span> <span class='ocrx_word' id='word_1_281' title='bbox 1178 3270 1301 3322; x_wconf 89' lang='lat' dir='ltr'>homines</span> 
     </span>
     <span class='ocr_line' id='line_1_45' title="bbox 793 3354 1299 3426; baseline -0.004 -19"><span class='ocrx_word' id='word_1_282' title='bbox 793 3355 857 3408; x_wconf 89' lang='lat' dir='ltr'>mali</span> <span class='ocrx_word' id='word_1_283' title='bbox 870 3355 914 3426; x_wconf 91' lang='lat' dir='ltr'>qui</span> <span class='ocrx_word' id='word_1_284' title='bbox 927 3355 984 3408; x_wconf 88' lang='lat' dir='ltr'>sine</span> <span class='ocrx_word' id='word_1_285' title='bbox 997 3355 1110 3408; x_wconf 89' lang='lat' dir='ltr'>scintilla</span> <span class='ocrx_word' id='word_1_286' title='bbox 1124 3354 1195 3407; x_wconf 88' lang='lat' dir='ltr'>vitae</span> <span class='ocrx_word' id='word_1_287' title='bbox 1209 3354 1299 3406; x_wconf 88' lang='lat' dir='ltr'>vivere</span> 
     </span>
     <span class='ocr_line' id='line_1_46' title="bbox 794 3437 1300 3510; baseline -0.004 -18"><span class='ocrx_word' id='word_1_288' title='bbox 794 3441 902 3510; x_wconf 90' lang='lat' dir='ltr'>possint.</span> <span class='ocrx_word' id='word_1_289' title='bbox 941 3440 1048 3510; x_wconf 87' lang='lat' dir='ltr'>Aliquid</span> <span class='ocrx_word' id='word_1_290' title='bbox 1076 3438 1228 3492; x_wconf 90' lang='lat' dir='ltr'>huiusmodi</span> <span class='ocrx_word' id='word_1_291' title='bbox 1255 3437 1300 3490; x_wconf 86' lang='lat' dir='ltr'>Sa·</span> 
     </span>
     <span class='ocr_line' id='line_1_47' title="bbox 792 3522 1300 3594; baseline -0.006 -17"><span class='ocrx_word' id='word_1_292' title='bbox 792 3525 931 3577; x_wconf 88' lang='lat' dir='ltr'>turninum</span> <span class='ocrx_word' id='word_1_293' title='bbox 947 3525 1066 3576; x_wconf 89' lang='lat' dir='ltr'>docuisse</span> <span class='ocrx_word' id='word_1_294' title='bbox 1081 3533 1154 3594; x_wconf 83' lang='lat' dir='ltr'>patet</span> <span class='ocrx_word' id='word_1_295' title='bbox 1169 3540 1202 3576; x_wconf 86' lang='lat' dir='ltr'>ex</span> <span class='ocrx_word' id='word_1_296' title='bbox 1215 3522 1300 3574; x_wconf 81' lang='lat' dir='ltr'>Pttae-</span> 
     </span>
     <span class='ocr_line' id='line_1_48' title="bbox 794 3607 1302 3678; baseline 0 -18"><span class='ocrx_word' id='word_1_297' title='bbox 794 3624 868 3662; x_wconf 77' lang='lat' dir='ltr'>nnsr.</span> <span class='ocrx_word' id='word_1_298' title='bbox 882 3623 892 3675; x_wconf 84' lang='lat'>5</span> <span class='ocrx_word' id='word_1_299' title='bbox 906 3609 947 3676; x_wconf 88' lang='lat' dir='ltr'>(P.</span> <span class='ocrx_word' id='word_1_300' title='bbox 959 3608 989 3662; x_wconf 88' lang='lat' dir='ltr'>L.</span> <span class='ocrx_word' id='word_1_301' title='bbox 1002 3608 1068 3672; x_wconf 88' lang='lat' dir='ltr'>LIII,</span> <span class='ocrx_word' id='word_1_302' title='bbox 1085 3609 1161 3678; x_wconf 88' lang='lat'>589):</span> <span class='ocrx_word' id='word_1_303' title='bbox 1175 3607 1247 3660; x_wconf 78' lang='lat' dir='ltr'>«Hic</span> <span class='ocrx_word' id='word_1_304' title='bbox 1257 3608 1302 3660; x_wconf 87' lang='lat' dir='ltr'>do—</span> 
     </span>
     <span class='ocr_line' id='line_1_49' title="bbox 797 3691 1300 3764; baseline -0.002 -20"><span class='ocrx_word' id='word_1_305' title='bbox 797 3715 810 3744; x_wconf 95' lang='grc' dir='ltr'>ιι</span> <span class='ocrx_word' id='word_1_306' title='bbox 820 3695 873 3746; x_wconf 91' lang='lat' dir='ltr'>cuit</span> <span class='ocrx_word' id='word_1_307' title='bbox 886 3707 988 3764; x_wconf 87' lang='lat' dir='ltr'>septem</span> <span class='ocrx_word' id='word_1_308' title='bbox 1001 3695 1110 3764; x_wconf 88' lang='lat' dir='ltr'>angelos</span> <span class='ocrx_word' id='word_1_309' title='bbox 1123 3693 1254 3746; x_wconf 90' lang='lat' dir='ltr'>mundum</span> <span class='ocrx_word' id='word_1_310' title='bbox 1267 3691 1278 3743; x_wconf 87' lang='lat' dir='ltr'>f</span> <span class='ocrx_word' id='word_1_311' title='bbox 1291 3723 1300 3732; x_wconf 90' lang='lat'><em>-</em></span> 
     </span>
     <span class='ocr_line' id='line_1_50' title="bbox 797 3775 1300 3848; baseline 0.002 -22"><span class='ocrx_word' id='word_1_312' title='bbox 797 3799 811 3827; x_wconf 93' lang='grc' dir='ltr'>ιι</span> <span class='ocrx_word' id='word_1_313' title='bbox 821 3779 897 3843; x_wconf 88' lang='lat' dir='ltr'>cisse,</span> <span class='ocrx_word' id='word_1_314' title='bbox 912 3778 1005 3848; x_wconf 91' lang='lat' dir='ltr'>quibus</span> <span class='ocrx_word' id='word_1_315' title='bbox 1020 3778 1094 3830; x_wconf 90' lang='lat' dir='ltr'>cordi</span> <span class='ocrx_word' id='word_1_316' title='bbox 1113 3776 1161 3829; x_wconf 92' lang='lat' dir='ltr'>suit</span> <span class='ocrx_word' id='word_1_317' title='bbox 1179 3775 1300 3830; x_wconf 87' lang='lat' dir='ltr'>libidines</span> 
     </span>
     <span class='ocr_line' id='line_1_51' title="bbox 797 3860 1302 3930; baseline -0.004 -17"><span class='ocrx_word' id='word_1_318' title='bbox 797 3881 812 3914; x_wconf 88' lang='grc' dir='ltr'>ιι</span> <span class='ocrx_word' id='word_1_319' title='bbox 821 3861 936 3915; x_wconf 88' lang='lat' dir='ltr'>inserere</span> <span class='ocrx_word' id='word_1_320' title='bbox 947 3874 984 3927; x_wconf 93' lang='lat' dir='ltr'>ut,</span> <span class='ocrx_word' id='word_1_321' title='bbox 994 3863 1056 3915; x_wconf 92' lang='lat' dir='ltr'>dum</span> <span class='ocrx_word' id='word_1_322' title='bbox 1071 3878 1128 3914; x_wconf 90' lang='lat' dir='ltr'>sese</span> <span class='ocrx_word' id='word_1_323' title='bbox 1140 3860 1302 3930; x_wconf 89' lang='lat' dir='ltr'>concupiscit</span> 
     </span>
     <span class='ocr_line' id='line_1_52' title="bbox 798 3946 1303 4001; baseline -0.002 -5"><span class='ocrx_word' id='word_1_324' title='bbox 798 3965 853 3999; x_wconf 86' lang='lat' dir='ltr'>«ex</span> <span class='ocrx_word' id='word_1_325' title='bbox 887 3948 1014 4000; x_wconf 88' lang='lat' dir='ltr'>alterutro</span> <span class='ocrx_word' id='word_1_326' title='bbox 1047 3946 1185 3999; x_wconf 87' lang='lat' dir='ltr'>diversitas</span> <span class='ocrx_word' id='word_1_327' title='bbox 1216 3961 1303 4001; x_wconf 81' lang='lat' dir='ltr'>sexus.</span> 
     </span>
     <span class='ocr_line' id='line_1_53' title="bbox 798 4028 1302 4083; baseline 0 -4"><span class='ocrx_word' id='word_1_328' title='bbox 798 4032 935 4083; x_wconf 77' lang='lat' dir='ltr'>«mundus</span> <span class='ocrx_word' id='word_1_329' title='bbox 958 4049 972 4083; x_wconf 91' lang='lat' dir='ltr'>a</span> <span class='ocrx_word' id='word_1_330' title='bbox 998 4031 1037 4083; x_wconf 91' lang='lat' dir='ltr'>sui</span> <span class='ocrx_word' id='word_1_331' title='bbox 1062 4029 1115 4082; x_wconf 83' lang='lat' dir='ltr'>stne</span> <span class='ocrx_word' id='word_1_332' title='bbox 1140 4028 1302 4082; x_wconf 86' lang='lat' dir='ltr'>refraenatus</span> 
     </span>
     <span class='ocr_line' id='line_1_54' title="bbox 798 4116 1175 4185; baseline 0.005 -21"><span class='ocrx_word' id='word_1_333' title='bbox 798 4116 903 4185; x_wconf 82' lang='lat' dir='ltr'>upossit</span> <span class='ocrx_word' id='word_1_334' title='bbox 923 4131 979 4168; x_wconf 87' lang='lat' dir='ltr'>esse</span> <span class='ocrx_word' id='word_1_335' title='bbox 998 4125 1139 4185; x_wconf 89' lang='lat' dir='ltr'>perpetuus</span> <span class='ocrx_word' id='word_1_336' title='bbox 1149 4133 1175 4166; x_wconf 75' lang='grc' dir='ltr'>ιι.</span> 
     </span>
    </p>
   </div>
   <div class='ocr_carea' id='block_1_9' title="bbox 830 4171 1403 4266">
    <p class='ocr_par' dir='ltr' id='par_1_12' title="bbox 830 4171 1403 4266">
     <span class='ocr_line' id='line_1_55' title="bbox 830 4171 1403 4266; baseline -0.017 -13"><span class='ocrx_word' id='word_1_337' title='bbox 830 4197 1303 4266; x_wconf 53' lang='lat' dir='ltr'>mmmmmmamnm.</span> <span class='ocrx_word' id='word_1_338' title='bbox 1401 4171 1403 4176; x_wconf 84' lang='grc'><strong>’</strong></span> 
     </span>
    </p>
   </div>
   <div class='ocr_carea' id='block_1_10' title="bbox 1321 1629 1392 1884">
    <p class='ocr_par' dir='ltr' id='par_1_13' title="bbox 1321 1629 1392 1884">
     <span class='ocr_line' id='line_1_56' title="bbox 1321 1629 1392 1884; baseline 0 -71"><span class='ocrx_word' id='word_1_339' title='bbox 1321 1629 1392 1884; x_wconf 74' lang='grc' dir='ltr'>ς</span> 
     </span>
    </p>
   </div>
   <div class='ocr_carea' id='block_1_11' title="bbox 0 0 1662 5060">
    <p class='ocr_par' dir='ltr' id='par_1_14' title="bbox 0 0 1662 5060">
     <span class='ocr_line' id='line_1_57' title="bbox 0 0 1662 5060; baseline 0 0"><span class='ocrx_word' id='word_1_340' title='bbox 0 0 1662 5060; x_wconf 95' lang='lat' dir='ltr'> </span> 
     </span>
    </p>
   </div>
  </div>
 </body>
</html>
