3230 5062
188 439 238 506 (V,
256 441 308 510 1).]
615 441 706 487 LIBER
730 441 843 487 PRIMUS
869 497 871 502 Ι
1200 441 1261 507 159

189 651 287 702 tatem
312 636 474 714 emissam,
498 635 587 700 cuius
616 633 697 701 aliud
732 633 858 724 quidem
891 635 1016 701 Patrem
1053 651 1155 718 vocat,
1179 636 1261 704 aliud

189 757 297 807 autem
321 739 508 807 Aletheiam.
555 740 601 806 Ex
625 739 680 806 hac
700 757 805 806 autem
824 743 1060 828 quaternatione
1084 741 1262 810 fructificari

190 849 305 936 Logon
330 864 361 914 et
377 849 473 928 Zoen,
489 847 676 935 Anthropon
692 863 722 912 et
737 847 920 913 Ecclesiam.
968 847 1045 914 Esse
1060 865 1164 915 autem
1182 848 1261 916 hanc

105 1026 112 1036 ‚
189 955 429 1022 octonationem
452 954 599 1042 primam.
646 953 685 1019 Et
707 977 725 1020 a
748 953 840 1041 Logo
859 951 986 1042 quidem
1011 973 1041 1022 et
1065 955 1129 1022 Zoe
1151 956 1261 1023 decern

191 1063 322 1128 uirtutes
353 1058 428 1127 dicit
460 1061 602 1141 emissas,
636 1061 715 1127 sicut
746 1059 966 1148 praediximus,
1013 1061 1063 1127 Ab
1096 1062 1262 1151 Anthropo

190 1187 297 1235 autern
320 1184 351 1235 et
374 1167 512 1234 Ecclesia
531 1187 586 1246 xri,
607 1165 774 1254 exquibus
798 1190 893 1233 unam
913 1166 1136 1248 discedentem,
1153 1187 1183 1236 et
1208 1166 1263 1235 de-

191 1276 344 1356 stitutam,
360 1274 510 1363 reliquam
530 1271 771 1361 dispositionem
792 1273 911 1340 fecisse.
959 1273 1132 1340 Terminos
1156 1291 1261 1341 autem

142 1455 143 1458 γ
190 1381 271 1448 duos
295 1379 436 1448 adhibet:
461 1403 561 1446 unuin
584 1377 712 1468 quidem
730 1381 809 1446 inter
830 1380 970 1468 Bythum
988 1397 1018 1446 et
1034 1380 1191 1462 Pleroma,
1208 1379 1262 1447 de-

190 1489 413 1554 terminantem
438 1503 528 1553 natos
547 1489 673 1554 Aeones
693 1484 730 1552 ab
754 1485 871 1553 infecto
895 1488 1004 1568 Patre;
1027 1486 1160 1553 alterum
1185 1509 1262 1553 vero

191 1611 386 1683 separantem
411 1595 537 1660 illorum
564 1611 698 1660 matrem
721 1594 942 1660 aPleromate.
957 1595 990 1647 (¹)
1036 1594 1074 1660 Et
1095 1593 1260 1663 Christum

191 1717 297 1768 autem
321 1724 386 1767 non
414 1699 452 1766 ab
475 1699 525 1767 his
547 1702 601 1790 qui
625 1702 752 1768 suntin
777 1700 954 1767 Pleromate
977 1700 1139 1767 Aeonibus
1166 1702 1262 1766 emis-

191 1808 319 1889 sum,(²)
334 1807 388 1874 sed
408 1831 424 1872 a
441 1823 541 1874 matre
561 1807 636 1874 foris
655 1826 761 1876 autem
778 1806 855 1874 facta
877 1806 1049 1874 secundum
1072 1809 1259 1873 memoriam

193 1914 361 1982 meliorum
385 1916 512 1981 enixum
537 1937 605 1981 esse
629 1937 701 1980 cum
732 1913 866 2002 quadam
891 1911 1012 1980 umbra.
1027 1913 1060 1967 (³)
1117 1913 1155 1980 Et
1178 1912 1260 1980 hunc

192 2127 316 2216 Πατέρα
329 2129 477 2216 dilapidet,
494 2133 528 2193 τό
544 2130 577 2193 δὲ
593 2127 774 2212 Ἀλήθειαν.
822 2127 882 2194 Ἐκ
893 2129 925 2192 δὲ
939 2139 991 2213 τῆς
1002 2129 1142 2214 τετράδος
1152 2130 1261 2214 ταύτης

189 2236 449 2322 καρπορορεῖοθαι
469 2237 568 2322 Λόγον
584 2239 636 2300 καὶ
655 2236 752 2322 Ζωὴν,
771 2235 958 2321 Ἄνθρωπον
979 2239 1032 2300 καὶ
1051 2235 1259 2322 Ἐκκλησίαν·

190 2344 265 2408 εἶναι’
279 2366 312 2409 τε
331 2345 441 2430 eada-pv
458 2345 591 2429 όγδονὶδα
608 2343 737 2430 repitent.
785 2343 847 2408 Καὶ
863 2347 923 2407 ἀπό
942 2346 997 2430 μὲν
1015 2353 1067 2407 τοῦ
1087 2341 1191 2428 Λόγου
1208 2347 1261 2408 καὶ

190 2463 243 2534 τῇς
267 2451 353 2535 Ζιοῆς
374 2450 450 2516 δέκα
472 2452 610 2537 δυνάμεις
633 2452 715 2537 λέγει
737 2451 974 2539 προβεβλῆσθαι,
997 2452 1105 2529 καθὼς
1123 2452 1259 2537 προειρή-

190 2579 305 2644 καμεν·
330 2560 395 2621 ἀπό
418 2559 451 2622 δὲ
474 2569 526 2622 τοῦ
550 2557 734 2644 Ἀνθρώπου
756 2561 809 2623 καὶ
837 2569 890 2643 τῆς
914 2557 1101 2644 Ἐκκλησόας
1131 2558 1258 2640 δώδεκα,

189 2667 231 2728 ὢν
254 2663 323 2749 μίαν
346 2665 523 2729 ἀποστᾶσαν
546 2667 598 2728 καὶ
617 2665 834 2750 ὑστερῆοαοαν,
856 2669 909 2750 τὴν
928 2666 1037 2748 λοιπὴν
1055 2663 1259 2750 πραγματείαν

189 2771 386 2854 πεποιῆσθαι.
432 2769 544 2856 Ὅρους
557 2793 590 2836 τε
603 2771 655 2834 δύο
670 2771 812 2854 ὑπέθετο,
825 2774 878 2836 ἕνα
894 2775 948 2857 μὲν
964 2771 1074 2857 μεταξὺ
1086 2781 1138 2835 τοῦ
1155 2771 1259 2835 Βυθοῠ

188 2879 242 2941 καὶ
258 2886 310 2942 τοῦ
324 2878 457 2960 (λοιποῦ)
473 2876 690 2963 Πληρόνματος,
706 2877 871 2962 διοριζοντα
883 2882 951 2955 τοὺς
967 2883 1125 2963 γεννητοῖις
1143 2879 1260 2955 Αἰῶνας

189 2985 252 3047 ἀπό
273 2993 326 3047 τοῦ
350 2983 511 3068 ἀγεννήτου
535 2983 670 3070 Πατρός·
695 2987 797 3068 ἕτερον
820 2986 853 3050 δὲ
876 2989 926 3050 τόν
953 2986 1132 3069 αροριζοντα
1162 2987 1260 3050 αὐτῶν

190 3091 244 3172 τὴν
267 3087 381 3175 μητέρα
407 3091 469 3154 ἀπό
491 3098 544 3154 τοῦ
568 3089 784 3175 Πληρὼματος.
832 3093 895 3156 Καὶ
917 3095 967 3154 τόν
991 3091 1123 3176 Χριστόν
1147 3090 1180 3153 δὲ
1203 3093 1259 3154 οὐκ

190 3197 252 3258 ἀπό
275 3204 332 3259 τῶν
355 3195 388 3258 ἐν
410 3204 452 3276 τῷ
477 3195 660 3282 Πληριθματι
684 3195 808 3262 Αἰὼνιον
831 3196 1068 3284 προβεβλῆσθαι,
1091 3197 1173 3260 ἀλλὰ
1200 3197 1259 3261 ὑπό

190 3311 243 3384 τῆς
266 3305 385 3386 μητρός,
409 3301 467 3379 ἔξω
490 3302 661 3388 γενομένης,
685 3306 765 3368 κατὰ
787 3306 840 3387 τὴν
863 3302 984 3389 γνώμην
1007 3313 1065 3367 τῶν
1082 3301 1259 3388 κρειττόνων

226 3493 269 3563 (ι)
288 3493 372 3548 Nota:
394 3497 421 3548 1⁰
436 3495 512 3550 Alter
525 3496 611 3550 Horus
630 3499 697 3551 bene
788 3501 830 3566 (2)
849 3497 885 3551 Ut
904 3515 1000 3568 nempe
1012 3498 1122 3551 docetur
1134 3497 1166 3562 Il,
1177 3512 1200 3563 5,
1215 3497 1258 3550 ubi

191 3579 310 3648 exprimit
323 3579 393 3649 quod
407 3597 432 3651 p.
447 3579 490 3650 89,
503 3599 529 3634 n.
545 3597 568 3647 2,
582 3581 697 3634 diximus
751 3593 842 3635 tamen
861 3599 875 3634 a
891 3581 1042 3652 Monogene
1058 3594 1160 3635 tamum
1181 3583 1259 3636 emis-

190 3663 297 3733 Bpthon
316 3681 371 3716 non
389 3681 447 3718 esse
461 3665 489 3718 in
507 3667 628 3721 Pleroma
649 3685 696 3720 nu·
751 3683 794 3719 sus
818 3667 913 3720 dicitur
937 3665 994 3735 (cfr.
1021 3666 1066 3731 Vl,
1095 3683 1116 3730 13
1142 3665 1201 3730 VII,
1227 3681 1256 3728 2;

190 3747 347 3800 merandum
382 3750 536 3815 (erroneum
564 3751 696 3822 glossema
752 3766 789 3804 Ps.
807 3751 892 3804 Τεπτ.
912 3751 928 3803 l.
948 3752 992 3816 α).

190 3847 276 3900 graec,
295 3834 389 3886 λοιποῦ
404 3833 464 3902 [om.
476 3833 516 3904 L]
539 3847 578 3889 est
598 3853 696 3906 expun·
788 3837 826 3904 (γ)
849 3835 913 3888 Cum
939 3836 1028 3888 rtrttltrn
1056 3833 1173 3906 quodam,
1199 3835 1258 3905 quia

189 3915 319 3984 gendum)
336 3917 366 3968 2⁰
379 3917 480 3971 illorum
498 3920 638 3989 (matrem)
658 3937 697 3974 re·
752 3934 825 3973 extra
856 3920 987 3984 Pleroma,
1016 3920 1140 3972 artascalus
1169 3931 1257 3972 autem

191 3999 250 4052 ferri
270 4000 346 4054 debet
366 4001 398 4054 ad
417 4001 559 4056 Gnosticos
583 4021 638 4058 non
663 4005 697 4058 ad
752 4006 812 4076 quia
831 4022 863 4058 ex
882 4005 1010 4058 memoria
1031 4005 1181 4068 meliorum,
1200 4003 1217 4056 i.
1235 4020 1257 4056 e.

190 4085 305 4149 Aeones,
321 4096 360 4138 est
375 4087 422 4139 sel.
436 4085 534 4157 Sophia
545 4089 697 4143 Achamoth
752 4089 871 4160 coniugis
899 4089 1018 4142 Theleti:
1048 4089 1167 4158 expende
1196 4089 1258 4159 quid

190 4169 392 4240 (unicusAeon)
402 4171 526 4225 discedens
535 4189 565 4224 oc
574 4172 697 4226 destituta.
752 4172 873 4228 differant
892 4173 957 4226 haec
976 4191 990 4225 a
1010 4190 1032 4224 c.
1052 4171 1098 4238 IV,
1121 4189 1143 4226 r.
