3230 5062
198 461 237 528 (l,
256 461 315 531 8).]
634 463 723 508 LIBER
747 462 860 508 PRIMUS
1216 459 1272 525 103

198 660 345 749 telligere
367 659 473 741 debes,
491 657 566 748 quid
589 658 716 740 faciens,
732 674 763 725 et
781 682 820 726 ex
838 682 902 748 quo
922 655 1068 726 membro
1087 657 1194 724 emisit
1209 657 1275 724 hasa

199 769 279 856 Apti
299 783 372 834 sunt
390 768 475 834 enim
495 765 678 836 huiusmodi
697 765 815 834 fructus
835 783 1023 856 argumento
1041 766 1195 854 ipsorum.

275 895 303 961 ς.
328 875 440 957 Quum
465 875 561 962 igitur
589 891 781 962 peragrasset
810 897 938 942 onmem
969 873 1157 960 passionem¹
1176 867 1277 938 mater

202 983 358 1069 ipsorum,
375 997 406 1048 et
425 981 478 1046 vix
496 1003 595 1070 quum
614 979 693 1047 elata
708 997 802 1060 esset,
813 980 846 1032 (¹)
869 977 906 1048 ad
926 977 1178 1046 obsecrationem
1198 1000 1275 1045 con-

203 1109 294 1154 versa
317 1103 364 1153 est
387 1085 481 1153 huius
510 1087 651 1168 luminis,
680 1083 765 1174 quod
787 1085 994 1174 dereliquerat
1023 1109 1105 1167 eam,
1129 1083 1191 1152 hoc
1215 1100 1272 1165 est,

203 1193 335 1274 Christi,
353 1193 476 1261 dicunt:
500 1194 553 1281 qui
573 1215 734 1282 regressus
755 1194 790 1259 in
813 1193 971 1274 Pleroma,
994 1195 1060 1280 ipse
1082 1191 1222 1280 quidem,
1240 1209 1273 1258 ut

200 1299 293 1366 datur
315 1299 455 1387 intelligi,
478 1300 642 1388 pigritatus
671 1316 719 1366 est
741 1299 881 1367 secundo
907 1299 1109 1368 descendere:
1123 1299 1156 1354 (²)
1179 1299 1270 1364 Para·

200 1405 319 1472 cletum
339 1421 445 1472 autem
462 1405 546 1471 misit
562 1404 600 1472 ad
619 1428 699 1487 eam,
718 1403 779 1472 hoc
795 1423 852 1487 est,
869 1405 1074 1487 Salvatorem,
1098 1420 1287 1493 praestante.

199 1513 229 1578 ei
254 1512 402 1578 tirtutem
425 1534 555 1578 omnem
569 1513 670 1592 Patre,
689 1528 719 1592 et
739 1513 846 1578 omnia
869 1509 927 1578 sub
942 1528 1093 1600 potestate
1117 1510 1270 1596 tradente:

200 1635 230 1683 et
243 1616 406 1684 Aeonibus
417 1634 522 1685 autem
534 1617 689 1701 similiter,
700 1618 734 1673 (³)
748 1620 793 1684 uti
811 1619 868 1684 «in
880 1642 919 1685 eo
935 1621 1042 1686 omnia
1050 1618 1269 1701 conderentur,

202 1753 217 1787 (ι
233 1721 370 1791 sisibilia
392 1741 422 1790 et
445 1722 622 1806 invisibilia,
646 1723 763 1806 throni,
782 1725 970 1805 divinitates,
993 1725 1269 1792 dominationesus

199 1831 336 1897 Mittitur
356 1847 460 1898 autem
481 1830 518 1898 ad
538 1854 608 1898 eam
628 1854 703 1898 cunt
723 1834 897 1898 coaetaneis
913 1833 978 1898 suis
994 1833 1121 1920 angelis.
1147 1901 1149 1904 ,
1179 1833 1269 1899 Hanc

197 1953 303 2002 autent
328 1936 508 2002 Achamoth
524 1939 690 2004 reveritum
705 1945 790 2018 eurd,
806 1937 913 2005 dicunt
930 1939 1033 2026 ptimo
1049 1938 1177 2027 quidem
1194 1961 1269 2005 coo-

196 2149 354 2234 προέρκατο
372 2158 482 2214 ταῦτα·
529 2149 691 2236 ἁρμόζουσι
709 2153 767 2235 γὰρ
790 2160 915 2216 τοιοῦτοι
934 2154 1044 2234 καρποὶ
1062 2161 1099 2236 τῇ
1119 2150 1266 2216 ὑποθέσει

196 2265 308 2320 ποτῶν.
1221 2267 1224 2274 ’

266 2381 295 2447 5.
313 2361 518 2426 Διοδτὺοαοαν
533 2363 583 2426 οὖν
599 2373 660 2426 πᾶν
674 2362 773 2440 πάθος
788 2366 841 2448 τ’ρν
857 2361 970 2448 μητέρα
989 2366 1096 2444 αὐτῶν,
1112 2366 1164 2428 καλ
1179 2364 1265 2448 μέγις

193 2469 422 2553 ὑπερκΰψαοαν,
450 2470 498 2533 ἐπὶ
529 2469 643 2534 ἱκεσίαν
670 2479 817 2554 τραπῆναι
846 2479 899 2534 τοῦ
925 2470 1141 2548 καταλιπόντος
1172 2473 1266 2554 αὐτὴν

194 2580 302 2660 φωτὸς,
321 2575 456 2640 τουτέστι
473 2585 526 2641 τοῦ
542 2575 857 2661 Χριστοῠ,·λέγουοιν·
875 2578 906 2654 ὃς
922 2577 1059 2640 ἀνελθὼν
1074 2578 1116 2654 aa
1130 2581 1165 2641 ab
1181 2577 1264 2662 Πλή-

194 2705 293 2767 ριυμα,
311 2684 401 2759 αὐτὸς
419 2685 473 2767 μὲν
491 2684 572 2760 εἰκὸς
589 2685 634 2747 ὅτι
652 2684 787 2768 ὤκνησεν
806 2685 843 2747 ἐκ
861 2681 1000 2768 δευτέρου
1022 2684 1194 2766 κατελθεῖν,
1214 2687 1264 2748 τὸν

196 2789 400 2874 Παρέκλητον
421 2791 455 2852 δὲ
478 2787 646 2873 ἐξέπεμψεν
672 2794 746 2874 πρὸς
768 2792 870 2874 αὐτὴν,
897 2789 1030 2854 τουτέστι
1053 2794 1103 2854 τὸν
1125 2789 1262 2874 Σωτῆρα,

194 2895 329 2971 temno<
344 2897 424 2980 αὐτῷ
440 2907 540 2960 πεῖσαν
555 2899 608 2980 τὴν
623 2896 746 2981 δέναμιν
761 2905 813 2960 τοῦ
830 2896 958 2980 Πατρὸς,
971 2899 1024 2959 ναὶ
1041 2907 1101 2960 πᾶν
1120 2896 1171 2960 ὑπ’
1184 2896 1262 2974 ἐξου-

195 3001 263 3065 σίαν
276 3001 470 3086 παραδόντος,
483 3004 605 3066 καὶτῶν
623 3001 746 3068 Attiou
762 3004 795 3066 δὲ
811 3003 928 3086 ὁμοίως,
946 3006 1026 3080 ὅπως
1051 3029 1066 3065 (ι
1079 3005 1111 3067 ἐν
1128 3007 1209 3088 αὐτῷ
1225 3009 1263 3068 τὰ

201 3108 326 3172 «πάντα
337 3109 449 3194 κτισθῄ
460 3111 499 3172 τὰ
510 3109 603 3194 ὁρατὰ
617 3111 669 3173 καὶ
684 3111 722 3173 τὰ
736 3107 859 3195 ἀόρατα,
873 3108 985 3192 θρόνοι,
998 3107 1152 3194 θεότητες,
1164 3109 1261 3195 κυριό·

197 3241 213 3276 ιι
227 3235 314 3300 τητες
328 3239 345 3276 υ
358 3236 365 3252 ·
378 3214 565 3299 ἐκπέμπεται
583 3216 617 3280 δὲ
634 3219 709 3298 πρὸς
723 3217 815 3300 αὐτὴν
831 3217 907 3298 μετὰ
922 3223 979 3279 τῶν
993 3216 1158 3300 ἡλικιωτῶν
1169 3220 1261 3281 αὐτοῦ

194 3331 252 3386 τῶν
282 3321 431 3407 ἀγγέλων.
478 3322 544 3408 Τὴν
570 3322 604 3387 δέ
627 3321 785 3408 Ἀχαμὼθ
812 3323 1005 3408 ἐντραπεῖσαν
1027 3326 1117 3387 αὐτὸν
1139 3323 1260 3409 λέγουσι

229 3515 273 3585 (ι)
292 3515 312 3568 1.
339 3533 361 3569 e.
389 3533 404 3568 a
432 3517 596 3587 passionibus
623 3533 701 3588 aegre
758 3517 917 3570 «Paracleto
940 3517 1061 3570 detentus
1085 3529 1147 3572 est»
1170 3521 1260 3591 (ἐκρα-

194 3600 353 3654 ernersisset.
382 3601 532 3672 Descriptio
541 3602 700 3655 obsecratio·
753 3604 847 3670 τήθη).

193 3701 258 3737 πονιτ
271 3685 384 3738 Acham.
397 3697 584 3756 argumentum
597 3697 636 3739 est
649 3684 700 3739 sre—
789 3689 830 3756 (3)
843 3686 971 3740 Subaudi:
984 3688 1167 3758 praebentibus
1178 3688 1259 3741 uirtu-

192 3768 296 3838 quentis
306 3769 457 3822 literaturae
466 3769 610 3840 gnosticae.
637 3769 700 3840 Spe·
752 3782 816 3824 tem.
850 3769 980 3824 Cinlfin.
1011 3772 1155 3825 Redemtor
1168 3789 1259 3825 neces-

191 3852 290 3905 cimina
304 3863 364 3905 sunt
382 3851 434 3905 llll
449 3853 543 3924 psalmi
562 3854 700 3923 poeniten·
753 3855 822 3908 sario
832 3855 903 3908 idem
916 3867 955 3908 est
968 3856 1028 3926 quia
1039 3857 1147 3909 eaedem
1160 3857 1258 3926 passio

191 3935 269 3989 tiales
290 3935 404 4007 Sophiae
422 3937 449 3990 in
468 3954 511 4008 op.
530 3937 605 3990 Pisas
624 3936 698 4010 Soph.
753 3955 853 3992 nes.—
865 3939 962 3992 Versus
973 3951 1011 3992 est
1026 3939 1079 3993 Col.
1093 3940 1113 4006 l,
1128 3937 1171 4004 16;
1190 3941 1258 4011 apud

191 4018 268 4087 [edit.
289 4019 448 4084 Schwartze,
466 4037 493 4090 p.
517 4021 623 4091 30-81].
752 4021 815 4075 Exc.
844 4023 932 4077 Theoti.
957 4039 991 4090 24
1018 4035 1044 4078 et
1068 4039 1100 4092 43
1128 4025 1259 4078 adduntur

225 4103 270 4171 (2)
291 4102 354 4156 Exc.
377 4103 466 4156 llaeod.
486 4118 517 4172 23
535 4105 625 4158 aliter:
644 4106 699 4158 aab
753 4109 881 4172 pascasiae
898 4120 924 4161 et
942 4111 1103 4177 λειτουργίαι
1121 4110 1258 4180 dequibus

194 4209 208 4238 κ
221 4189 343 4242 omnibus
362 4189 498 4243 Aeonibus
520 4191 616 4260 pariter
635 4208 698 4244 aca
752 4193 891 4262 postremis
904 4204 929 4246 et
948 4193 1024 4246 Pistis
1041 4193 1066 4249 S.
1079 4195 1175 4264 pluries
1195 4195 1259 4264 agit.
1372 4213 1380 4232 ⁰
