3288 5060
326 462 389 528 204
613 465 740 512 menam
764 465 924 512 novemus
948 467 1103 513 naereses
1253 467 1324 536 μιν,
1347 483 1396 536 3·4

323 659 356 724 in
379 657 495 740 Iesum,
512 659 618 724 unitus
636 673 684 724 est
702 659 740 724 ei.
787 657 826 724 Et
844 655 996 726 destruxit
1013 658 1143 746 quidem
1167 677 1316 743 mortem,
1340 663 1396 743 ait,

321 765 374 851 qui
396 763 453 830 fuit
471 787 510 830 ex
528 763 733 852 dispositione
753 766 895 832 Salvator
911 765 1043 848 <lesus);
1064 766 1191 853 agnovit
1208 783 1314 833 autem
1335 768 1396 834 Pa-

322 887 404 937 trem
425 871 590 938 Christum
611 871 763 938 Iesum.(¹)
807 872 884 938 Esse
903 894 980 960 ergo
1002 872 1108 938 Iesum
1128 896 1246 939 nornen
1265 873 1394 962 quidem

323 981 400 1060 eius,
418 979 472 1067 qui
486 994 543 1045 est
569 1001 607 1044 ex
630 976 835 1067 dispositione
865 980 975 1062 horno,
1000 978 1092 1062 dicit3
1119 982 1258 1067 positum
1288 997 1395 1047 autem

323 1107 391 1151 esse
414 1084 448 1151 in
471 1085 728 1151 assimilationem
753 1101 784 1152 et
807 1084 1029 1174 figurationem
1053 1087 1131 1168 eius,
1155 1088 1208 1175 qui
1231 1088 1338 1176 incipit
1361 1089 1395 1152 in

323 1213 397 1256 eum
435 1189 633 1272 descendere,
671 1191 831 1274 Hominis,
865 1215 960 1281 quem
1001 1193 1174 1280 capientem
1213 1190 1327 1260 habere
1363 1211 1395 1260 et

323 1297 427 1385 ipsum
439 1296 472 1350 (²)
491 1297 676 1379 Hominem,
695 1313 726 1363 et
749 1299 853 1385 ipsum
877 1299 1000 1386 Logon,
1021 1315 1051 1364 et
1071 1299 1207 1380 Patrem,
1226 1315 1258 1365 et
1276 1300 1395 1366 Arrhe-

322 1418 388 1484 ton,
412 1418 443 1468 et
463 1403 569 1490 Sigen,
588 1419 619 1469 et
641 1402 799 1484 Alethian,
823 1421 854 1470 et
877 1405 1062 1487 Ecclesiam,
1083 1422 1114 1470 et
1137 1407 1233 1471 Zoen.

388 1530 419 1593 4.
443 1507 548 1598 [WH.
580 1509 672 1590 VIII,
701 1509 766 1600 15}
814 1511 899 1576 Haec
922 1511 987 1576 iam
1011 1533 1104 1598 supra
1127 1512 1158 1576 iu
1183 1513 1226 1592 iu,
1250 1528 1280 1578 et
1300 1534 1394 1599 super

321 1613 414 1702 plico,
439 1631 469 1680 et
493 1638 585 1705 super
608 1617 789 1683 universam
816 1617 967 1705 tragicam
998 1617 1259 1683 exclamationem
1282 1633 1313 1684 et
1335 1617 1394 1684 do-

321 1721 397 1786 loris
416 1720 676 1788 vociferationem
697 1738 779 1788 sunt.
826 1723 910 1804 Quis
928 1723 1014 1789 enirn
1034 1745 1099 1789 non
1119 1721 1219 1790 oderit
1238 1747 1323 1805 eum,
1339 1724 1392 1812 qui

321 1843 482 1894 tantorum
498 1827 735 1896 mendaciorum
753 1830 854 1895 malus
870 1831 1065 1918 compositor
1080 1846 1127 1895 est
1142 1830 1278 1918 poeta,(³)
1292 1853 1390 1918 quum

322 2040 451 2127 Ἰησοῦν,
475 2043 612 2128 ἡνῶσθαι
644 2041 672 2106 δ’
688 2046 781 2128 αὐτῷ.
837 2044 900 2109 Καὶ
927 2045 1059 2108 καθεῖλε
1090 2046 1145 2129 μὲν
1171 2048 1222 2110 τὸν
1247 2045 1390 2129 θένατον,

320 2152 419 2234 φησιν,
443 2149 461 2214 θ
483 2150 521 2213 ἐκ
542 2159 595 2234 της
625 2151 795 2235 οἰκονομίας
818 2151 935 2235 Σωτὴρ,
963 2149 1105 2235 ἐγνώρισε
1128 2152 1161 2214 δὲ
1184 2155 1236 2214 τὸν
1267 2151 1391 2234 Πατέρα

322 2251 467 2339 Χριστόν·
487 2255 571 2320 Εἶναι
586 2257 638 2318 οὖν
653 2259 703 2318 τὸν
721 2253 841 2339 Ἰησοῦν
854 2258 948 2341 θνομα
962 2260 1016 2338 μέν
1034 2267 1086 2320 τοῦ
1102 2258 1139 2320 ἐκ
1153 2267 1206 2341 τῆς
1222 2257 1391 2341 οἰκονομίας

320 2359 482 2444 ἀνθρώπου
505 2359 598 2446 λέγει,
617 2362 777 2425 τεθεῖσθαι
795 2362 829 2425 δέ
847 2363 890 2438 εἰς
908 2361 1080 2448 ἐξομοίωσιν
1098 2366 1150 2426 καὶ
1169 2364 1319 2449 μόρφωσιν
1337 2373 1390 2429 τοῦ

319 2465 481 2550 μέλλοντος
508 2468 549 2544 εἰς
577 2471 666 2532 αὐτὸν
695 2466 903 2554 κατέρχεσθαι
935 2467 1130 2554 Ἀνθρώπου,
1154 2472 1187 2534 ὃν
1210 2471 1390 2556 χωρήσαντα

318 2575 418 2656 αὐτὸν,
435 2573 600 2659 ἐσχηκέναι
615 2571 704 2637 αὐτόν
722 2595 755 2638 τε
773 2576 824 2638 τὸν
842 2572 1038 2660 Ἄνθρωπον,
1055 2571 1145 2638 αὐτὸν
1163 2597 1195 2640 τε
1214 2579 1264 2640 τὸν
1279 2573 1389 2660 Λόγον,

317 2680 437 2744 καὶτὸν
452 2678 585 2765 Πατέρα,
600 2682 654 2744 καὶ
667 2684 717 2745 τὸν
733 2680 896 2766 'Apprime
912 2683 963 2745 καὶ
974 2683 1028 2765 τὴν
1040 2681 1143 2766 Σιγὴν,
1157 2686 1209 2746 καὶ
1223 2685 1277 2768 τὴν
1297 2683 1389 2767 Ἀλή-

318 2785 416 2870 θειαν,
440 2788 492 2851 καὶ
516 2785 714 2870 Ἐκκλησίαν,
738 2790 791 2850 καὶ
813 2787 910 2871 Ζωην.

386 2916 416 2979 4.
442 2892 537 2959 Ταῦτ’
548 2894 606 2980 ἤδη
629 2894 705 2978 ὑπερ
722 2897 757 2958 τὸ
777 2894 821 2959 ἰοῦ
840 2895 896 2976 ἰοῦ,
914 2897 967 2958 καὶ
985 2899 1019 2959 τὸ
1036 2907 1103 2979 φεῦ,
1122 2899 1176 2960 καὶ
1194 2898 1269 2982 ὑπὲρ
1288 2906 1388 2960 πᾶσαν

318 3005 461 3086 τραγικὴν
476 2999 608 3086 φώνησιν
622 3003 674 3065 καὶ
689 3001 893 3087 σχετλιασμὸν
909 3002 981 3066 ἐστι.
1030 3001 1083 3078 Τίς
1097 3006 1157 3088 γὰρ
1175 3005 1232 3068 οὐκ
1250 3007 1287 3066 ἂν
1303 3003 1389 3087 μιση-

318 3129 397 3172 σειεν
408 3117 466 3172 τῶν
478 3107 660 3193 τηλικούτων
677 3107 857 3191 ψευσμάτων
872 3107 1097 3172 κακοσύνθετον
1110 3113 1245 3194 ποιητὴν,
1262 3113 1316 3193 τὴν
1334 3112 1389 3193 μέν

354 3347 396 3414 (ι)
415 3347 500 3399 Locus
515 3345 676 3417 perdifficilis
695 3348 727 3400 ad
747 3364 825 3418 quem
880 3345 989 3398 nomine
997 3347 1134 3417 participat
1145 3347 1177 3400 de
1186 3347 1293 3401 Christo
1306 3364 1387 3418 pneu-

319 3430 546 3499 interpretandum
566 3430 624 3484 dele
639 3447 700 3485 cum
714 3430 788 3484 Hnu’.
799 3441 824 3484 et
881 3430 987 3494 matico,
998 3442 1025 3483 ut
1036 3447 1100 3484 mox
1109 3431 1204 3484 dicitur
1211 3431 1267 3497 (cfr.
1274 3431 1319 3490 ΙΙΙ,
1329 3446 1386 3496 xvi,

317 3513 410 3567 Enten.
432 3514 548 3584 primum
578 3515 709 3580 «lesus»,
737 3533 767 3568 ac
786 3516 822 3569 ita
881 3531 907 3578 1;
926 3515 968 3568 vel
993 3516 1073 3568 etiam
1094 3515 1114 3580 I,
1140 3531 1189 3580 xtt,
1213 3531 1244 3582 4:
1267 3516 1347 3570 «Alii
1371 3535 1386 3569 a

318 3597 426 3651 habebis
457 3597 623 3652 Salvatorem
650 3617 682 3652 ex
713 3600 823 3670 disposi-
881 3598 1011 3653 «Christo
1030 3613 1080 3654 etc.
1091 3603 1128 3668 ν).

317 3683 399 3748 tione,
433 3695 459 3736 et
496 3682 662 3736 Salvatorem
695 3684 821 3752 (Ἰησοῦς)
914 3685 956 3753 (2)
975 3683 1103 3738 Subaudi:
1125 3685 1213 3737 Iesum
1232 3685 1276 3756 qui
1295 3703 1328 3738 ex
1346 3685 1385 3739 di-

315 3767 453 3820 Christum
472 3783 517 3820 seu
536 3766 676 3837 Spiritum:
692 3768 771 3839 primi
784 3780 823 3822 est
878 3765 1021 3837 spositione
1034 3779 1090 3832 est;
1105 3767 1149 3838 qui
1162 3785 1244 3838 quum
1257 3768 1386 3837 acceperit

315 3851 450 3905 destruere
477 3863 602 3916 mortem,
633 3853 740 3905 secundi
760 3870 824 3906 vero
876 3850 1012 3920 Spiritum,
1032 3852 1109 3904 simul
1129 3853 1229 3922 accepit
1255 3869 1321 3922 quae
1342 3853 1386 3905 hic

315 3936 422 3988 Patrem
435 3937 561 3990 revelare.
599 3935 690 4008 Neque
703 3953 823 3990 necessa·
877 3933 956 3987 habet
970 3935 997 3986 in
1010 3951 1046 3999 se,
1059 3934 1165 3988 Patrem
1184 3947 1210 3988 et
1222 3934 1318 3987 Filium
1334 3946 1384 3988 etc.

316 4020 385 4073 rium
396 4032 435 4073 est
443 4037 491 4090 pro
502 4020 654 4074 «Christum
662 4021 745 4074 Iesum
754 4041 767 4071 ν
777 4039 823 4091 ρο-
879 4031 907 4071 ut
916 4035 979 4071 mox
990 4019 1149 4072 audivimus.
1187 4019 1228 4072 De
1238 4019 1384 4072 redemtione

317 4105 824 4169 nereaChristuslesus»,namChristus
878 4104 936 4157 lesu
955 4103 1000 4157 csr.
1019 4102 1086 4156 infra
1105 4121 1127 4156 c.
1146 4103 1219 4169 XXI,
1239 4119 1262 4156 2.

319 4187 457 4258 psychicus
484 4187 583 4240 nedum
611 4188 708 4241 virtute
728 4189 774 4242 sed
798 4201 824 4242 et
914 4189 955 4254 (3)
975 4211 992 4232 =
1010 4188 1080 4240 male
1099 4204 1263 4258 componens
1282 4186 1384 4241 artifex.
