<?xml version="1.0" encoding="UTF-8"?>
<!DOCTYPE html PUBLIC "-//W3C//DTD XHTML 1.0 Transitional//EN"
    "http://www.w3.org/TR/xhtml1/DTD/xhtml1-transitional.dtd">
<html xmlns="http://www.w3.org/1999/xhtml" xml:lang="en" lang="en">
 <head>
  <title>
</title>
<meta http-equiv="Content-Type" content="text/html;charset=utf-8" />
  <meta name='ocr-system' content='tesseract 3.04.00' />
  <meta name='ocr-capabilities' content='ocr_page ocr_carea ocr_par ocr_line ocrx_word'/>
</head>
<body>
  <div class='ocr_page' id='page_1' title='image "./adversushaerese00irengoog_0101.png"; bbox 0 0 3230 5062; ppageno 0'>
   <div class='ocr_carea' id='block_1_1' title="bbox 371 409 1434 493">
    <p class='ocr_par' dir='ltr' id='par_1_1' title="bbox 371 409 1434 493">
     <span class='ocr_line' id='line_1_1' title="bbox 371 409 1434 493; baseline 0.004 -21"><span class='ocrx_word' id='word_1_1' title='bbox 371 409 411 490; x_wconf 87' lang='lat'>96</span> <span class='ocrx_word' id='word_1_2' title='bbox 659 425 787 472; x_wconf 77' lang='lat' dir='ltr'>rannaer</span> <span class='ocrx_word' id='word_1_3' title='bbox 811 426 970 472; x_wconf 66' lang='lat' dir='ltr'>notenses</span> <span class='ocrx_word' id='word_1_4' title='bbox 994 425 1148 472; x_wconf 73' lang='lat' dir='ltr'>naereses</span> <span class='ocrx_word' id='word_1_5' title='bbox 1226 419 1283 493; x_wconf 75' lang='lat'>[111.</span> <span class='ocrx_word' id='word_1_6' title='bbox 1297 423 1434 488; x_wconf 53' lang='lat' dir='ltr'>polvs</span> 
     </span>
    </p>
   </div>
   <div class='ocr_carea' id='block_1_2' title="bbox 369 617 1447 2088">
    <p class='ocr_par' dir='ltr' id='par_1_2' title="bbox 369 617 1441 1132">
     <span class='ocr_line' id='line_1_2' title="bbox 369 617 1439 707; baseline -0.002 -21"><span class='ocrx_word' id='word_1_7' title='bbox 369 620 456 686; x_wconf 87' lang='lat' dir='ltr'>nisci</span> <span class='ocrx_word' id='word_1_8' title='bbox 471 618 564 686; x_wconf 90' lang='lat' dir='ltr'>huius</span> <span class='ocrx_word' id='word_1_9' title='bbox 584 621 685 686; x_wconf 85' lang='lat' dir='ltr'>crucis</span> <span class='ocrx_word' id='word_1_10' title='bbox 704 618 886 687; x_wconf 82' lang='lat' dir='ltr'>dicuntsic:</span> <span class='ocrx_word' id='word_1_11' title='bbox 905 647 921 683; x_wconf 76' lang='lat' dir='ltr'>a</span> <span class='ocrx_word' id='word_1_12' title='bbox 939 617 1082 686; x_wconf 85' lang='lat' dir='ltr'>Verbum</span> <span class='ocrx_word' id='word_1_13' title='bbox 1098 618 1183 684; x_wconf 84' lang='lat' dir='ltr'>eninr</span> <span class='ocrx_word' id='word_1_14' title='bbox 1200 619 1300 684; x_wconf 90' lang='lat' dir='ltr'>crucis</span> <span class='ocrx_word' id='word_1_15' title='bbox 1317 618 1364 684; x_wconf 90' lang='lat' dir='ltr'>his</span> <span class='ocrx_word' id='word_1_16' title='bbox 1384 621 1439 707; x_wconf 90' lang='lat' dir='ltr'>qui</span> 
     </span>
     <span class='ocr_line' id='line_1_3' title="bbox 376 725 1438 814; baseline 0 -24"><span class='ocrx_word' id='word_1_17' title='bbox 376 742 542 814; x_wconf 73' lang='lat' dir='ltr'>«pereunt,</span> <span class='ocrx_word' id='word_1_18' title='bbox 559 725 688 792; x_wconf 89' lang='lat' dir='ltr'>stultitia</span> <span class='ocrx_word' id='word_1_19' title='bbox 702 742 764 792; x_wconf 88' lang='lat' dir='ltr'>est:</span> <span class='ocrx_word' id='word_1_20' title='bbox 784 725 833 792; x_wconf 90' lang='lat' dir='ltr'>his</span> <span class='ocrx_word' id='word_1_21' title='bbox 850 742 954 792; x_wconf 87' lang='lat' dir='ltr'>autem</span> <span class='ocrx_word' id='word_1_22' title='bbox 966 726 1019 814; x_wconf 88' lang='lat' dir='ltr'>qui</span> <span class='ocrx_word' id='word_1_23' title='bbox 1032 725 1200 804; x_wconf 85' lang='lat' dir='ltr'>salvantur,</span> <span class='ocrx_word' id='word_1_24' title='bbox 1216 726 1315 791; x_wconf 89' lang='lat' dir='ltr'>virtus</span> <span class='ocrx_word' id='word_1_25' title='bbox 1332 725 1394 790; x_wconf 90' lang='lat' dir='ltr'>Dei</span> <span class='ocrx_word' id='word_1_26' title='bbox 1406 751 1438 790; x_wconf 83' lang='grc' dir='ltr'>υ.</span> 
     </span>
     <span class='ocr_line' id='line_1_4' title="bbox 372 827 1440 918; baseline -0.003 -19"><span class='ocrx_word' id='word_1_27' title='bbox 372 831 410 898; x_wconf 87' lang='lat' dir='ltr'>Et</span> <span class='ocrx_word' id='word_1_28' title='bbox 433 833 562 898; x_wconf 84' lang='lat' dir='ltr'>iterum:</span> <span class='ocrx_word' id='word_1_29' title='bbox 593 831 702 897; x_wconf 80' lang='lat' dir='ltr'>«Mihi</span> <span class='ocrx_word' id='word_1_30' title='bbox 726 847 831 896; x_wconf 86' lang='lat' dir='ltr'>autern</span> <span class='ocrx_word' id='word_1_31' title='bbox 854 853 919 896; x_wconf 88' lang='lat' dir='ltr'>non</span> <span class='ocrx_word' id='word_1_32' title='bbox 942 832 1064 897; x_wconf 84' lang='lat' dir='ltr'>eveniat</span> <span class='ocrx_word' id='word_1_33' title='bbox 1083 831 1116 897; x_wconf 93' lang='lat' dir='ltr'>in</span> <span class='ocrx_word' id='word_1_34' title='bbox 1140 827 1206 896; x_wconf 88' lang='lat' dir='ltr'>ullo</span> <span class='ocrx_word' id='word_1_35' title='bbox 1224 830 1361 918; x_wconf 88' lang='lat' dir='ltr'>gloriari,</span> <span class='ocrx_word' id='word_1_36' title='bbox 1379 831 1440 896; x_wconf 91' lang='lat' dir='ltr'>nisi</span> 
     </span>
     <span class='ocr_line' id='line_1_5' title="bbox 374 934 1441 1025; baseline 0 -24"><span class='ocrx_word' id='word_1_37' title='bbox 374 940 434 1003; x_wconf 76' lang='lat' dir='ltr'>ain</span> <span class='ocrx_word' id='word_1_38' title='bbox 456 937 574 1005; x_wconf 85' lang='lat' dir='ltr'>Christi</span> <span class='ocrx_word' id='word_1_39' title='bbox 593 959 696 1019; x_wconf 84' lang='lat' dir='ltr'>cruce,</span> <span class='ocrx_word' id='word_1_40' title='bbox 715 960 769 1025; x_wconf 88' lang='lat' dir='ltr'>per</span> <span class='ocrx_word' id='word_1_41' title='bbox 792 960 887 1023; x_wconf 88' lang='lat' dir='ltr'>quern</span> <span class='ocrx_word' id='word_1_42' title='bbox 904 935 982 1002; x_wconf 88' lang='lat' dir='ltr'>mihi</span> <span class='ocrx_word' id='word_1_43' title='bbox 999 934 1136 1002; x_wconf 87' lang='lat' dir='ltr'>mundus</span> <span class='ocrx_word' id='word_1_44' title='bbox 1155 935 1321 1002; x_wconf 80' lang='lat' dir='ltr'>crucifixus</span> <span class='ocrx_word' id='word_1_45' title='bbox 1340 953 1397 1016; x_wconf 93' lang='lat' dir='ltr'>est,</span> <span class='ocrx_word' id='word_1_46' title='bbox 1410 953 1441 1002; x_wconf 88' lang='lat' dir='ltr'>et</span> 
     </span>
     <span class='ocr_line' id='line_1_6' title="bbox 379 1043 699 1132; baseline 0.009 -26"><span class='ocrx_word' id='word_1_47' title='bbox 379 1069 394 1106; x_wconf 80' lang='grc' dir='ltr'>ιι</span> <span class='ocrx_word' id='word_1_48' title='bbox 406 1067 466 1132; x_wconf 90' lang='lat' dir='ltr'>ego</span> <span class='ocrx_word' id='word_1_49' title='bbox 490 1043 611 1110; x_wconf 88' lang='lat' dir='ltr'>mundo</span> <span class='ocrx_word' id='word_1_50' title='bbox 626 1043 699 1108; x_wconf 81' lang='lat' dir='ltr'>».(¹l</span> 
     </span>
    </p>

    <p class='ocr_par' dir='ltr' id='par_1_3' title="bbox 373 1147 1447 2088">
     <span class='ocr_line' id='line_1_7' title="bbox 441 1147 1444 1238; baseline -0.002 -22"><span class='ocrx_word' id='word_1_51' title='bbox 441 1153 470 1216; x_wconf 90' lang='lat'>6.</span> <span class='ocrx_word' id='word_1_52' title='bbox 495 1150 587 1216; x_wconf 87' lang='lat' dir='ltr'>Talia</span> <span class='ocrx_word' id='word_1_53' title='bbox 606 1151 700 1238; x_wconf 88' lang='lat' dir='ltr'>igitur</span> <span class='ocrx_word' id='word_1_54' title='bbox 723 1147 762 1216; x_wconf 93' lang='lat' dir='ltr'>de</span> <span class='ocrx_word' id='word_1_55' title='bbox 782 1149 960 1215; x_wconf 84' lang='lat' dir='ltr'>Pleromate</span> <span class='ocrx_word' id='word_1_56' title='bbox 983 1150 1135 1237; x_wconf 87' lang='lat' dir='ltr'>ipsorum,</span> <span class='ocrx_word' id='word_1_57' title='bbox 1155 1165 1184 1216; x_wconf 88' lang='lat' dir='ltr'>et</span> <span class='ocrx_word' id='word_1_58' title='bbox 1203 1149 1355 1237; x_wconf 86' lang='lat' dir='ltr'>plasmate</span> <span class='ocrx_word' id='word_1_59' title='bbox 1371 1150 1444 1214; x_wconf 89' lang='lat' dir='ltr'>uni-</span> 
     </span>
     <span class='ocr_line' id='line_1_8' title="bbox 373 1254 1441 1344; baseline 0.001 -25"><span class='ocrx_word' id='word_1_60' title='bbox 373 1278 536 1322; x_wconf 84' lang='lat' dir='ltr'>versorum</span> <span class='ocrx_word' id='word_1_61' title='bbox 557 1254 675 1337; x_wconf 86' lang='lat' dir='ltr'>dicunt,</span> <span class='ocrx_word' id='word_1_62' title='bbox 691 1254 834 1342; x_wconf 86' lang='lat' dir='ltr'>adaptare</span> <span class='ocrx_word' id='word_1_63' title='bbox 853 1257 1012 1342; x_wconf 89' lang='lat' dir='ltr'>cupientes</span> <span class='ocrx_word' id='word_1_64' title='bbox 1025 1277 1059 1322; x_wconf 89' lang='lat' dir='ltr'>ea</span> <span class='ocrx_word' id='word_1_65' title='bbox 1074 1275 1153 1344; x_wconf 85' lang='lat' dir='ltr'>quae</span> <span class='ocrx_word' id='word_1_66' title='bbox 1166 1254 1244 1322; x_wconf 90' lang='lat' dir='ltr'>bene</span> <span class='ocrx_word' id='word_1_67' title='bbox 1258 1255 1340 1322; x_wconf 85' lang='lat' dir='ltr'>dicta</span> <span class='ocrx_word' id='word_1_68' title='bbox 1357 1271 1441 1336; x_wconf 91' lang='lat' dir='ltr'>sunt,</span> 
     </span>
     <span class='ocr_line' id='line_1_9' title="bbox 373 1360 1442 1450; baseline 0.001 -23"><span class='ocrx_word' id='word_1_69' title='bbox 373 1363 411 1428; x_wconf 92' lang='lat' dir='ltr'>iis</span> <span class='ocrx_word' id='word_1_70' title='bbox 433 1385 511 1450; x_wconf 86' lang='lat' dir='ltr'>quae</span> <span class='ocrx_word' id='word_1_71' title='bbox 535 1362 618 1428; x_wconf 80' lang='lat' dir='ltr'>nrale</span> <span class='ocrx_word' id='word_1_72' title='bbox 637 1360 802 1428; x_wconf 88' lang='lat' dir='ltr'>adinventa</span> <span class='ocrx_word' id='word_1_73' title='bbox 815 1360 936 1428; x_wconf 87' lang='lat' dir='ltr'>suntab</span> <span class='ocrx_word' id='word_1_74' title='bbox 949 1363 1033 1449; x_wconf 92' lang='lat' dir='ltr'>ipsis.</span> <span class='ocrx_word' id='word_1_75' title='bbox 1081 1363 1119 1428; x_wconf 87' lang='lat' dir='ltr'>Et</span> <span class='ocrx_word' id='word_1_76' title='bbox 1132 1385 1196 1428; x_wconf 90' lang='lat' dir='ltr'>non</span> <span class='ocrx_word' id='word_1_77' title='bbox 1213 1361 1318 1428; x_wconf 88' lang='lat' dir='ltr'>solum</span> <span class='ocrx_word' id='word_1_78' title='bbox 1335 1379 1442 1429; x_wconf 84' lang='lat' dir='ltr'>autent</span> 
     </span>
     <span class='ocr_line' id='line_1_10' title="bbox 373 1468 1442 1556; baseline 0.002 -23"><span class='ocrx_word' id='word_1_79' title='bbox 373 1491 410 1533; x_wconf 86' lang='lat' dir='ltr'>ex</span> <span class='ocrx_word' id='word_1_80' title='bbox 433 1468 630 1554; x_wconf 83' lang='lat' dir='ltr'>Evangelicis</span> <span class='ocrx_word' id='word_1_81' title='bbox 646 1483 675 1534; x_wconf 90' lang='lat' dir='ltr'>et</span> <span class='ocrx_word' id='word_1_82' title='bbox 689 1468 880 1556; x_wconf 88' lang='lat' dir='ltr'>Apostolicis</span> <span class='ocrx_word' id='word_1_83' title='bbox 896 1485 1016 1535; x_wconf 87' lang='lat' dir='ltr'>tentant</span> <span class='ocrx_word' id='word_1_84' title='bbox 1029 1471 1225 1536; x_wconf 86' lang='lat' dir='ltr'>ostensiones</span> <span class='ocrx_word' id='word_1_85' title='bbox 1241 1469 1352 1550; x_wconf 81' lang='lat' dir='ltr'>facere,</span> <span class='ocrx_word' id='word_1_86' title='bbox 1364 1491 1442 1535; x_wconf 91' lang='lat' dir='ltr'>con-</span> 
     </span>
     <span class='ocr_line' id='line_1_11' title="bbox 373 1574 1442 1664; baseline 0.003 -24"><span class='ocrx_word' id='word_1_87' title='bbox 373 1591 529 1640; x_wconf 83' lang='lat' dir='ltr'>vertentes</span> <span class='ocrx_word' id='word_1_88' title='bbox 552 1575 833 1661; x_wconf 86' lang='lat' dir='ltr'>interpretationes,</span> <span class='ocrx_word' id='word_1_89' title='bbox 852 1591 883 1640; x_wconf 92' lang='lat' dir='ltr'>et</span> <span class='ocrx_word' id='word_1_90' title='bbox 905 1574 1113 1664; x_wconf 77' lang='lat' dir='ltr'>adulterantes</span> <span class='ocrx_word' id='word_1_91' title='bbox 1137 1577 1365 1663; x_wconf 85' lang='lat' dir='ltr'>expositiones:</span> <span class='ocrx_word' id='word_1_92' title='bbox 1387 1575 1442 1643; x_wconf 89' lang='lat' dir='ltr'>sed</span> 
     </span>
     <span class='ocr_line' id='line_1_12' title="bbox 373 1681 1442 1770; baseline 0.002 -24"><span class='ocrx_word' id='word_1_93' title='bbox 373 1682 466 1746; x_wconf 82' lang='lat' dir='ltr'>etiarn</span> <span class='ocrx_word' id='word_1_94' title='bbox 479 1705 517 1746; x_wconf 87' lang='lat' dir='ltr'>ex</span> <span class='ocrx_word' id='word_1_95' title='bbox 526 1681 609 1768; x_wconf 84' lang='lat' dir='ltr'>Lege</span> <span class='ocrx_word' id='word_1_96' title='bbox 622 1697 652 1746; x_wconf 92' lang='lat' dir='ltr'>et</span> <span class='ocrx_word' id='word_1_97' title='bbox 663 1681 838 1768; x_wconf 89' lang='lat' dir='ltr'>Prophetis,</span> <span class='ocrx_word' id='word_1_98' title='bbox 848 1704 958 1769; x_wconf 88' lang='lat' dir='ltr'>quum,</span> <span class='ocrx_word' id='word_1_99' title='bbox 969 1681 1093 1769; x_wconf 87' lang='lat' dir='ltr'>quando</span> <span class='ocrx_word' id='word_1_100' title='bbox 1101 1682 1134 1735; x_wconf 81' lang='lat'>(²)</span> <span class='ocrx_word' id='word_1_101' title='bbox 1149 1683 1265 1748; x_wconf 88' lang='lat' dir='ltr'>multae</span> <span class='ocrx_word' id='word_1_102' title='bbox 1277 1681 1442 1770; x_wconf 86' lang='lat' dir='ltr'>parabolae</span> 
     </span>
     <span class='ocr_line' id='line_1_13' title="bbox 374 1786 1444 1876; baseline 0.002 -24"><span class='ocrx_word' id='word_1_103' title='bbox 374 1802 405 1852; x_wconf 88' lang='lat' dir='ltr'>et</span> <span class='ocrx_word' id='word_1_104' title='bbox 419 1786 585 1874; x_wconf 88' lang='lat' dir='ltr'>allegoriae</span> <span class='ocrx_word' id='word_1_105' title='bbox 598 1787 659 1852; x_wconf 93' lang='lat' dir='ltr'>sint</span> <span class='ocrx_word' id='word_1_106' title='bbox 674 1786 774 1853; x_wconf 87' lang='lat' dir='ltr'>dictae</span> <span class='ocrx_word' id='word_1_107' title='bbox 788 1803 818 1853; x_wconf 91' lang='lat' dir='ltr'>et</span> <span class='ocrx_word' id='word_1_108' title='bbox 831 1788 862 1852; x_wconf 94' lang='lat' dir='ltr'>in</span> <span class='ocrx_word' id='word_1_109' title='bbox 875 1787 973 1852; x_wconf 88' lang='lat' dir='ltr'>multa</span> <span class='ocrx_word' id='word_1_110' title='bbox 988 1787 1067 1853; x_wconf 85' lang='lat' dir='ltr'>trahi</span> <span class='ocrx_word' id='word_1_111' title='bbox 1080 1789 1179 1875; x_wconf 89' lang='lat' dir='ltr'>possit</span> <span class='ocrx_word' id='word_1_112' title='bbox 1189 1787 1373 1876; x_wconf 84' lang='lat' dir='ltr'>ambiguum</span> <span class='ocrx_word' id='word_1_113' title='bbox 1387 1810 1444 1876; x_wconf 87' lang='lat' dir='ltr'>per</span> 
     </span>
     <span class='ocr_line' id='line_1_14' title="bbox 374 1891 1446 1980; baseline 0.001 -21"><span class='ocrx_word' id='word_1_114' title='bbox 374 1894 613 1980; x_wconf 86' lang='lat' dir='ltr'>expositionem,</span> <span class='ocrx_word' id='word_1_115' title='bbox 634 1894 818 1980; x_wconf 83' lang='lat' dir='ltr'>propensius</span> <span class='ocrx_word' id='word_1_116' title='bbox 833 1893 870 1958; x_wconf 86' lang='lat' dir='ltr'>ad</span> <span class='ocrx_word' id='word_1_117' title='bbox 888 1891 1075 1980; x_wconf 84' lang='lat' dir='ltr'>figmentum</span> <span class='ocrx_word' id='word_1_118' title='bbox 1091 1911 1232 1960; x_wconf 86' lang='lat' dir='ltr'>suomet</span> <span class='ocrx_word' id='word_1_119' title='bbox 1250 1893 1359 1962; x_wconf 90' lang='lat' dir='ltr'>dolose</span> <span class='ocrx_word' id='word_1_120' title='bbox 1371 1894 1446 1961; x_wconf 87' lang='lat' dir='ltr'>ada-</span> 
     </span>
     <span class='ocr_line' id='line_1_15' title="bbox 376 1998 1447 2088; baseline 0.002 -24"><span class='ocrx_word' id='word_1_121' title='bbox 376 2015 507 2086; x_wconf 89' lang='lat' dir='ltr'>ptantes,</span> <span class='ocrx_word' id='word_1_122' title='bbox 525 2000 558 2064; x_wconf 89' lang='lat' dir='ltr'>in</span> <span class='ocrx_word' id='word_1_123' title='bbox 582 2001 792 2086; x_wconf 86' lang='lat' dir='ltr'>captivitatem</span> <span class='ocrx_word' id='word_1_124' title='bbox 816 1998 934 2066; x_wconf 87' lang='lat' dir='ltr'>ducunt</span> <span class='ocrx_word' id='word_1_125' title='bbox 956 2023 974 2066; x_wconf 88' lang='lat' dir='ltr'>a</span> <span class='ocrx_word' id='word_1_126' title='bbox 997 2001 1124 2067; x_wconf 84' lang='lat' dir='ltr'>veritate</span> <span class='ocrx_word' id='word_1_127' title='bbox 1148 2023 1214 2082; x_wconf 91' lang='lat' dir='ltr'>eos,</span> <span class='ocrx_word' id='word_1_128' title='bbox 1232 2001 1286 2088; x_wconf 89' lang='lat' dir='ltr'>qui</span> <span class='ocrx_word' id='word_1_129' title='bbox 1309 2025 1374 2068; x_wconf 91' lang='lat' dir='ltr'>non</span> <span class='ocrx_word' id='word_1_130' title='bbox 1390 2000 1447 2067; x_wconf 86' lang='lat' dir='ltr'>fir-</span> 
     </span>
    </p>
   </div>
   <div class='ocr_carea' id='block_1_3' title="bbox 376 2213 1448 3686">
    <p class='ocr_par' dir='ltr' id='par_1_4' title="bbox 377 2213 1446 2727">
     <span class='ocr_line' id='line_1_16' title="bbox 377 2213 1446 2300; baseline 0.003 -25"><span class='ocrx_word' id='word_1_131' title='bbox 377 2214 599 2299; x_wconf 57' lang='grc' dir='ltr'>μιμνήσκεσθαι</span> <span class='ocrx_word' id='word_1_132' title='bbox 623 2213 727 2278; x_wconf 69' lang='grc' dir='ltr'>τοῦτου</span> <span class='ocrx_word' id='word_1_133' title='bbox 750 2224 802 2278; x_wconf 88' lang='grc' dir='ltr'>τοῦ</span> <span class='ocrx_word' id='word_1_134' title='bbox 826 2215 961 2299; x_wconf 83' lang='grc' dir='ltr'>Σταυροῦ</span> <span class='ocrx_word' id='word_1_135' title='bbox 985 2213 1123 2299; x_wconf 85' lang='grc' dir='ltr'>λέγουσιν</span> <span class='ocrx_word' id='word_1_136' title='bbox 1146 2219 1254 2292; x_wconf 78' lang='grc' dir='ltr'>οὕτως·</span> <span class='ocrx_word' id='word_1_137' title='bbox 1286 2215 1330 2279; x_wconf 77' lang='grc' dir='ltr'>«ὁ</span> <span class='ocrx_word' id='word_1_138' title='bbox 1353 2213 1446 2300; x_wconf 81' lang='grc' dir='ltr'>λόγος</span> 
     </span>
     <span class='ocr_line' id='line_1_17' title="bbox 382 2321 1444 2408; baseline 0.004 -26"><span class='ocrx_word' id='word_1_139' title='bbox 382 2324 468 2406; x_wconf 84' lang='grc' dir='ltr'>«γὰρ</span> <span class='ocrx_word' id='word_1_140' title='bbox 486 2321 503 2385; x_wconf 82' lang='grc' dir='ltr'>δ</span> <span class='ocrx_word' id='word_1_141' title='bbox 521 2331 573 2384; x_wconf 82' lang='grc' dir='ltr'>τοῦ</span> <span class='ocrx_word' id='word_1_142' title='bbox 592 2329 721 2406; x_wconf 86' lang='grc' dir='ltr'>σταυροῦ</span> <span class='ocrx_word' id='word_1_143' title='bbox 741 2331 800 2398; x_wconf 87' lang='grc' dir='ltr'>τοῖς</span> <span class='ocrx_word' id='word_1_144' title='bbox 818 2324 873 2405; x_wconf 85' lang='grc' dir='ltr'>μὲν</span> <span class='ocrx_word' id='word_1_145' title='bbox 892 2321 1110 2405; x_wconf 69' lang='grc' dir='ltr'>ἀπολλυμένας</span> <span class='ocrx_word' id='word_1_146' title='bbox 1127 2323 1224 2408; x_wconf 92' lang='grc' dir='ltr'>μωρία</span> <span class='ocrx_word' id='word_1_147' title='bbox 1243 2323 1315 2404; x_wconf 81' lang='grc' dir='ltr'>ἐστὶ,</span> <span class='ocrx_word' id='word_1_148' title='bbox 1333 2331 1393 2399; x_wconf 81' lang='grc' dir='ltr'>τοῖς</span> <span class='ocrx_word' id='word_1_149' title='bbox 1409 2323 1444 2386; x_wconf 80' lang='grc' dir='ltr'>δὲ</span> 
     </span>
     <span class='ocr_line' id='line_1_18' title="bbox 382 2427 1446 2514; baseline 0.003 -24"><span class='ocrx_word' id='word_1_150' title='bbox 382 2427 590 2512; x_wconf 81' lang='grc' dir='ltr'>«σωζομένοις</span> <span class='ocrx_word' id='word_1_151' title='bbox 605 2429 725 2512; x_wconf 80' lang='grc' dir='ltr'>δύναμις</span> <span class='ocrx_word' id='word_1_152' title='bbox 742 2427 847 2493; x_wconf 78' lang='grc' dir='ltr'>Θεοῦ»</span> <span class='ocrx_word' id='word_1_153' title='bbox 865 2451 872 2465; x_wconf 93' lang='grc'><em>·</em></span> <span class='ocrx_word' id='word_1_154' title='bbox 917 2431 970 2492; x_wconf 79' lang='grc' dir='ltr'>καὶ</span> <span class='ocrx_word' id='word_1_155' title='bbox 985 2428 1090 2492; x_wconf 75' lang='grc' dir='ltr'>πέλιν·</span> <span class='ocrx_word' id='word_1_156' title='bbox 1113 2430 1206 2512; x_wconf 78' lang='grc' dir='ltr'>«ἐμοὶ</span> <span class='ocrx_word' id='word_1_157' title='bbox 1221 2429 1255 2492; x_wconf 88' lang='grc' dir='ltr'>δέ</span> <span class='ocrx_word' id='word_1_158' title='bbox 1270 2431 1312 2513; x_wconf 75' lang='grc' dir='ltr'>μη</span> <span class='ocrx_word' id='word_1_159' title='bbox 1327 2428 1446 2514; x_wconf 87' lang='grc' dir='ltr'>γένοιτο</span> 
     </span>
     <span class='ocr_line' id='line_1_19' title="bbox 379 2535 1445 2620; baseline 0.005 -24"><span class='ocrx_word' id='word_1_160' title='bbox 379 2560 394 2596; x_wconf 82' lang='grc' dir='ltr'>ι(</span> <span class='ocrx_word' id='word_1_161' title='bbox 409 2535 441 2598; x_wconf 93' lang='grc' dir='ltr'>ἐν</span> <span class='ocrx_word' id='word_1_162' title='bbox 465 2536 567 2620; x_wconf 82' lang='grc' dir='ltr'>μηδενὶ</span> <span class='ocrx_word' id='word_1_163' title='bbox 589 2535 778 2620; x_wconf 62' lang='grc' dir='ltr'>καυχᾶσθαι,</span> <span class='ocrx_word' id='word_1_164' title='bbox 796 2535 878 2620; x_wconf 80' lang='grc' dir='ltr'>εἰμὴ</span> <span class='ocrx_word' id='word_1_165' title='bbox 894 2535 983 2619; x_wconf 84' lang='grc' dir='ltr'>ἐντῷ</span> <span class='ocrx_word' id='word_1_166' title='bbox 999 2545 1116 2619; x_wconf 79' lang='grc' dir='ltr'>σταυρῷ</span> <span class='ocrx_word' id='word_1_167' title='bbox 1132 2545 1184 2599; x_wconf 87' lang='grc' dir='ltr'>τοῦ</span> <span class='ocrx_word' id='word_1_168' title='bbox 1200 2535 1344 2620; x_wconf 89' lang='grc' dir='ltr'>Χριστοῦ,</span> <span class='ocrx_word' id='word_1_169' title='bbox 1360 2536 1400 2599; x_wconf 86' lang='grc' dir='ltr'>δι’</span> <span class='ocrx_word' id='word_1_170' title='bbox 1409 2541 1445 2601; x_wconf 70' lang='grc' dir='ltr'>οὗ</span> 
     </span>
     <span class='ocr_line' id='line_1_20' title="bbox 383 2642 1112 2727; baseline 0.01 -26"><span class='ocrx_word' id='word_1_171' title='bbox 383 2643 476 2726; x_wconf 75' lang='grc' dir='ltr'>«ἐμοὶ</span> <span class='ocrx_word' id='word_1_172' title='bbox 498 2645 613 2726; x_wconf 74' lang='grc' dir='ltr'>κίσμος</span> <span class='ocrx_word' id='word_1_173' title='bbox 635 2642 827 2727; x_wconf 75' lang='grc' dir='ltr'>ἐσταύρωται,</span> <span class='ocrx_word' id='word_1_174' title='bbox 851 2642 938 2727; x_wconf 73' lang='grc' dir='ltr'>κᾷγὼ</span> <span class='ocrx_word' id='word_1_175' title='bbox 960 2642 1068 2727; x_wconf 75' lang='grc' dir='ltr'>κόσμῳ</span> <span class='ocrx_word' id='word_1_176' title='bbox 1085 2668 1112 2708; x_wconf 81' lang='grc' dir='ltr'>ιι.</span> 
     </span>
    </p>

    <p class='ocr_par' dir='ltr' id='par_1_5' title="bbox 376 2747 1448 3686">
     <span class='ocr_line' id='line_1_21' title="bbox 445 2747 1445 2834; baseline -0.001 -21"><span class='ocrx_word' id='word_1_177' title='bbox 445 2751 474 2813; x_wconf 87' lang='grc'>6.</span> <span class='ocrx_word' id='word_1_178' title='bbox 499 2747 631 2812; x_wconf 81' lang='grc' dir='ltr'>Τοιαῦτα</span> <span class='ocrx_word' id='word_1_179' title='bbox 655 2751 709 2834; x_wconf 85' lang='grc' dir='ltr'>μὲν</span> <span class='ocrx_word' id='word_1_180' title='bbox 729 2751 781 2814; x_wconf 82' lang='grc' dir='ltr'>οὑν</span> <span class='ocrx_word' id='word_1_181' title='bbox 803 2751 871 2834; x_wconf 81' lang='grc' dir='ltr'>περί</span> <span class='ocrx_word' id='word_1_182' title='bbox 893 2759 944 2813; x_wconf 88' lang='grc' dir='ltr'>τοῦ</span> <span class='ocrx_word' id='word_1_183' title='bbox 964 2748 1170 2834; x_wconf 83' lang='grc' dir='ltr'>Πληρώματος</span> <span class='ocrx_word' id='word_1_184' title='bbox 1188 2751 1296 2830; x_wconf 83' lang='grc' dir='ltr'>αὐτῶν,</span> <span class='ocrx_word' id='word_1_185' title='bbox 1316 2751 1368 2814; x_wconf 80' lang='grc' dir='ltr'>καὶ</span> <span class='ocrx_word' id='word_1_186' title='bbox 1390 2759 1445 2813; x_wconf 81' lang='grc' dir='ltr'>τοῦ</span> 
     </span>
     <span class='ocr_line' id='line_1_22' title="bbox 376 2851 1445 2940; baseline 0.002 -24"><span class='ocrx_word' id='word_1_187' title='bbox 376 2853 551 2938; x_wconf 66' lang='grc' dir='ltr'>πλάσματος</span> <span class='ocrx_word' id='word_1_188' title='bbox 574 2853 693 2917; x_wconf 68' lang='grc' dir='ltr'>πάντων</span> <span class='ocrx_word' id='word_1_189' title='bbox 716 2852 863 2938; x_wconf 84' lang='grc' dir='ltr'>λέγουσιν,</span> <span class='ocrx_word' id='word_1_190' title='bbox 888 2855 1065 2940; x_wconf 78' lang='grc' dir='ltr'>ἐφαρμόζειν</span> <span class='ocrx_word' id='word_1_191' title='bbox 1089 2851 1258 2940; x_wconf 82' lang='grc' dir='ltr'>βιαζόμενοι</span> <span class='ocrx_word' id='word_1_192' title='bbox 1280 2857 1319 2917; x_wconf 77' lang='grc' dir='ltr'>τέο</span> <span class='ocrx_word' id='word_1_193' title='bbox 1341 2854 1445 2932; x_wconf 70' lang='grc' dir='ltr'>καλῶς</span> 
     </span>
     <span class='ocr_line' id='line_1_23' title="bbox 377 2959 1445 3048; baseline -0.001 -23"><span class='ocrx_word' id='word_1_194' title='bbox 377 2960 517 3046; x_wconf 77' lang='grc' dir='ltr'>εἰρημένα</span> <span class='ocrx_word' id='word_1_195' title='bbox 539 2970 598 3037; x_wconf 80' lang='grc' dir='ltr'>τοῖς</span> <span class='ocrx_word' id='word_1_196' title='bbox 616 2969 719 3036; x_wconf 80' lang='grc' dir='ltr'>κακῶς</span> <span class='ocrx_word' id='word_1_197' title='bbox 742 2959 979 3044; x_wconf 88' lang='grc' dir='ltr'>ἐπινενοημένοις</span> <span class='ocrx_word' id='word_1_198' title='bbox 1001 2959 1051 3024; x_wconf 90' lang='grc' dir='ltr'>ὑπ’</span> <span class='ocrx_word' id='word_1_199' title='bbox 1064 2962 1177 3024; x_wconf 84' lang='grc' dir='ltr'>αὐτῶν·</span> <span class='ocrx_word' id='word_1_200' title='bbox 1224 2963 1277 3024; x_wconf 76' lang='grc' dir='ltr'>καί</span> <span class='ocrx_word' id='word_1_201' title='bbox 1299 2961 1334 3024; x_wconf 88' lang='grc' dir='ltr'>οὐ</span> <span class='ocrx_word' id='word_1_202' title='bbox 1353 2960 1445 3048; x_wconf 79' lang='grc' dir='ltr'>μόνον</span> 
     </span>
     <span class='ocr_line' id='line_1_24' title="bbox 378 3065 1447 3152; baseline -0.003 -22"><span class='ocrx_word' id='word_1_203' title='bbox 378 3068 415 3131; x_wconf 85' lang='grc' dir='ltr'>ἐκ</span> <span class='ocrx_word' id='word_1_204' title='bbox 430 3077 487 3131; x_wconf 85' lang='grc' dir='ltr'>τῶν</span> <span class='ocrx_word' id='word_1_205' title='bbox 504 3066 718 3152; x_wconf 83' lang='grc' dir='ltr'>Εὐαγγελικῶν</span> <span class='ocrx_word' id='word_1_206' title='bbox 737 3069 789 3131; x_wconf 77' lang='grc' dir='ltr'>καί</span> <span class='ocrx_word' id='word_1_207' title='bbox 804 3077 863 3131; x_wconf 84' lang='grc' dir='ltr'>τῶν</span> <span class='ocrx_word' id='word_1_208' title='bbox 879 3065 1109 3132; x_wconf 80' lang='grc' dir='ltr'>Ἀποστολικῶν</span> <span class='ocrx_word' id='word_1_209' title='bbox 1127 3075 1282 3150; x_wconf 79' lang='grc' dir='ltr'>πειρῶντα</span> <span class='ocrx_word' id='word_1_210' title='bbox 1301 3068 1354 3142; x_wconf 72' lang='grc' dir='ltr'>τὰς</span> <span class='ocrx_word' id='word_1_211' title='bbox 1371 3066 1447 3128; x_wconf 78' lang='grc' dir='ltr'>ἀπο·</span> 
     </span>
     <span class='ocr_line' id='line_1_25' title="bbox 377 3172 1447 3258; baseline -0.002 -20"><span class='ocrx_word' id='word_1_212' title='bbox 377 3173 479 3251; x_wconf 75' lang='grc' dir='ltr'>δείξεις</span> <span class='ocrx_word' id='word_1_213' title='bbox 502 3175 664 3254; x_wconf 67' lang='grc' dir='ltr'>ποιεῖσθαι,</span> <span class='ocrx_word' id='word_1_214' title='bbox 688 3172 926 3258; x_wconf 75' lang='grc' dir='ltr'>παρατρέποντος</span> <span class='ocrx_word' id='word_1_215' title='bbox 956 3176 1009 3250; x_wconf 80' lang='grc' dir='ltr'>τὰς</span> <span class='ocrx_word' id='word_1_216' title='bbox 1040 3173 1206 3257; x_wconf 81' lang='grc' dir='ltr'>ἑρμηνείας,</span> <span class='ocrx_word' id='word_1_217' title='bbox 1229 3175 1282 3236; x_wconf 81' lang='grc' dir='ltr'>καὶ</span> <span class='ocrx_word' id='word_1_218' title='bbox 1313 3173 1447 3258; x_wconf 74' lang='grc' dir='ltr'>ῥᾳδιουρ-</span> 
     </span>
     <span class='ocr_line' id='line_1_26' title="bbox 378 3280 1447 3371; baseline 0 -27"><span class='ocrx_word' id='word_1_219' title='bbox 378 3291 499 3366; x_wconf 86' lang='grc' dir='ltr'>γοῦντες</span> <span class='ocrx_word' id='word_1_220' title='bbox 518 3285 571 3357; x_wconf 69' lang='grc' dir='ltr'>τὶς</span> <span class='ocrx_word' id='word_1_221' title='bbox 587 3280 760 3365; x_wconf 74' lang='grc' dir='ltr'>ἐξηγήσεις·</span> <span class='ocrx_word' id='word_1_222' title='bbox 777 3281 867 3362; x_wconf 75' lang='grc' dir='ltr'>ἀλλὰ,</span> <span class='ocrx_word' id='word_1_223' title='bbox 886 3283 938 3344; x_wconf 84' lang='grc' dir='ltr'>καί</span> <span class='ocrx_word' id='word_1_224' title='bbox 954 3282 990 3344; x_wconf 86' lang='grc' dir='ltr'>ἐκ</span> <span class='ocrx_word' id='word_1_225' title='bbox 1007 3280 1112 3364; x_wconf 69' lang='grc' dir='ltr'>Νόμου</span> <span class='ocrx_word' id='word_1_226' title='bbox 1127 3283 1179 3343; x_wconf 79' lang='grc' dir='ltr'>καί</span> <span class='ocrx_word' id='word_1_227' title='bbox 1199 3280 1375 3366; x_wconf 74' lang='grc' dir='ltr'>Προηητῶν,</span> <span class='ocrx_word' id='word_1_228' title='bbox 1393 3283 1447 3371; x_wconf 70' lang='grc' dir='ltr'>ἅτε</span> 
     </span>
     <span class='ocr_line' id='line_1_27' title="bbox 378 3385 1448 3472; baseline -0.002 -22"><span class='ocrx_word' id='word_1_229' title='bbox 378 3387 502 3450; x_wconf 84' lang='grc' dir='ltr'>πολλῶν</span> <span class='ocrx_word' id='word_1_230' title='bbox 524 3386 702 3472; x_wconf 83' lang='grc' dir='ltr'>παραβολῶν</span> <span class='ocrx_word' id='word_1_231' title='bbox 725 3389 777 3450; x_wconf 84' lang='grc' dir='ltr'>καὶ</span> <span class='ocrx_word' id='word_1_232' title='bbox 800 3387 987 3470; x_wconf 83' lang='grc' dir='ltr'>ἀλληγοριῶν</span> <span class='ocrx_word' id='word_1_233' title='bbox 1016 3385 1187 3472; x_wconf 78' lang='grc' dir='ltr'>εἰρημένων,</span> <span class='ocrx_word' id='word_1_234' title='bbox 1210 3388 1263 3450; x_wconf 77' lang='grc' dir='ltr'>καί</span> <span class='ocrx_word' id='word_1_235' title='bbox 1285 3387 1327 3463; x_wconf 83' lang='grc' dir='ltr'>εἰς</span> <span class='ocrx_word' id='word_1_236' title='bbox 1345 3385 1448 3449; x_wconf 73' lang='grc' dir='ltr'>πολλὰ</span> 
     </span>
     <span class='ocr_line' id='line_1_28' title="bbox 379 3491 1447 3578; baseline 0 -22"><span class='ocrx_word' id='word_1_237' title='bbox 379 3493 526 3556; x_wconf 66' lang='grc' dir='ltr'>ἕλκεσθαι</span> <span class='ocrx_word' id='word_1_238' title='bbox 538 3492 701 3577; x_wconf 84' lang='grc' dir='ltr'>δυναμένου</span> <span class='ocrx_word' id='word_1_239' title='bbox 712 3502 764 3557; x_wconf 86' lang='grc' dir='ltr'>τοῦ</span> <span class='ocrx_word' id='word_1_240' title='bbox 777 3493 943 3578; x_wconf 75' lang='grc' dir='ltr'>ἀμφιβίλου</span> <span class='ocrx_word' id='word_1_241' title='bbox 954 3493 1002 3556; x_wconf 73' lang='grc' dir='ltr'>διὰ</span> <span class='ocrx_word' id='word_1_242' title='bbox 1014 3503 1067 3576; x_wconf 72' lang='grc' dir='ltr'>τῆς</span> <span class='ocrx_word' id='word_1_243' title='bbox 1078 3491 1258 3577; x_wconf 73' lang='grc' dir='ltr'>ἐξηγήσεως,</span> <span class='ocrx_word' id='word_1_244' title='bbox 1275 3491 1447 3576; x_wconf 72' lang='grc' dir='ltr'>δεινοτέρας</span> 
     </span>
     <span class='ocr_line' id='line_1_29' title="bbox 378 3597 1447 3686; baseline -0.002 -24"><span class='ocrx_word' id='word_1_245' title='bbox 378 3608 419 3682; x_wconf 86' lang='grc' dir='ltr'>τῷ</span> <span class='ocrx_word' id='word_1_246' title='bbox 442 3599 594 3685; x_wconf 72' lang='grc' dir='ltr'>πλάσματι</span> <span class='ocrx_word' id='word_1_247' title='bbox 618 3602 715 3664; x_wconf 74' lang='grc' dir='ltr'>αὐτῶν</span> <span class='ocrx_word' id='word_1_248' title='bbox 732 3603 784 3664; x_wconf 79' lang='grc' dir='ltr'>καί</span> <span class='ocrx_word' id='word_1_249' title='bbox 802 3600 908 3676; x_wconf 80' lang='grc' dir='ltr'>δολίως</span> <span class='ocrx_word' id='word_1_250' title='bbox 925 3599 1155 3685; x_wconf 73' lang='grc' dir='ltr'>ἐφαρμόζοντες,</span> <span class='ocrx_word' id='word_1_251' title='bbox 1174 3597 1447 3686; x_wconf 81' lang='grc' dir='ltr'>αίχμαλωτίζουσιν</span> 
     </span>
    </p>
   </div>
   <div class='ocr_carea' id='block_1_4' title="bbox 378 3811 1449 4221">
    <p class='ocr_par' dir='ltr' id='par_1_6' title="bbox 378 3811 1449 4136">
     <span class='ocr_line' id='line_1_30' title="bbox 414 3811 1447 3883; baseline -0.001 -19"><span class='ocrx_word' id='word_1_252' title='bbox 414 3811 456 3882; x_wconf 94' lang='lat' dir='ltr'>(r)</span> <span class='ocrx_word' id='word_1_253' title='bbox 473 3812 483 3864; x_wconf 95' lang='lat' dir='ltr'>l</span> <span class='ocrx_word' id='word_1_254' title='bbox 499 3811 557 3865; x_wconf 79' lang='lat' dir='ltr'>Cor.</span> <span class='ocrx_word' id='word_1_255' title='bbox 572 3814 592 3876; x_wconf 88' lang='lat' dir='ltr'>l,</span> <span class='ocrx_word' id='word_1_256' title='bbox 613 3815 641 3866; x_wconf 85' lang='lat'>18</span> <span class='ocrx_word' id='word_1_257' title='bbox 658 3815 731 3880; x_wconf 75' lang='grc' dir='ltr'>(ἡμῖν</span> <span class='ocrx_word' id='word_1_258' title='bbox 746 3813 834 3867; x_wconf 88' lang='lat' dir='ltr'>delent</span> <span class='ocrx_word' id='word_1_259' title='bbox 848 3827 883 3867; x_wconf 90' lang='lat' dir='ltr'>et.</span> <span class='ocrx_word' id='word_1_260' title='bbox 940 3813 969 3880; x_wconf 84' lang='lat' dir='ltr'>(f.</span> <span class='ocrx_word' id='word_1_261' title='bbox 992 3815 1045 3882; x_wconf 60' lang='grc' dir='ltr'>γε)</span> <span class='ocrx_word' id='word_1_262' title='bbox 1065 3813 1162 3876; x_wconf 88' lang='lat' dir='ltr'>restit.;</span> <span class='ocrx_word' id='word_1_263' title='bbox 1187 3813 1337 3883; x_wconf 86' lang='lat' dir='ltr'>legebatur:</span> <span class='ocrx_word' id='word_1_264' title='bbox 1362 3828 1447 3864; x_wconf 77' lang='lat' dir='ltr'>«cum</span> 
     </span>
     <span class='ocr_line' id='line_1_31' title="bbox 378 3895 1448 3967; baseline 0.001 -20"><span class='ocrx_word' id='word_1_265' title='bbox 378 3895 454 3948; x_wconf 87' lang='lat' dir='ltr'>codd.</span> <span class='ocrx_word' id='word_1_266' title='bbox 473 3912 512 3966; x_wconf 86' lang='lat' dir='ltr'>gr.</span> <span class='ocrx_word' id='word_1_267' title='bbox 533 3895 561 3959; x_wconf 81' lang='lat' dir='ltr'>F,</span> <span class='ocrx_word' id='word_1_268' title='bbox 580 3895 617 3957; x_wconf 90' lang='lat' dir='ltr'>G;</span> <span class='ocrx_word' id='word_1_269' title='bbox 644 3913 675 3948; x_wconf 86' lang='lat' dir='ltr'>ex</span> <span class='ocrx_word' id='word_1_270' title='bbox 704 3897 759 3949; x_wconf 84' lang='lat' dir='ltr'>latt.</span> <span class='ocrx_word' id='word_1_271' title='bbox 783 3898 883 3949; x_wconf 84' lang='lat' dir='ltr'>Amiat.</span> <span class='ocrx_word' id='word_1_272' title='bbox 943 3898 1113 3951; x_wconf 87' lang='lat' dir='ltr'>«multae...</span> <span class='ocrx_word' id='word_1_273' title='bbox 1142 3899 1277 3967; x_wconf 73' lang='lat' dir='ltr'>possint».</span> <span class='ocrx_word' id='word_1_274' title='bbox 1322 3895 1448 3949; x_wconf 83' lang='lat' dir='ltr'>Notanda</span> 
     </span>
     <span class='ocr_line' id='line_1_32' title="bbox 378 3978 1449 4053; baseline 0.002 -22"><span class='ocrx_word' id='word_1_275' title='bbox 378 3978 466 4043; x_wconf 87' lang='lat' dir='ltr'>Fuld.;</span> <span class='ocrx_word' id='word_1_276' title='bbox 499 3980 571 4043; x_wconf 88' lang='lat' dir='ltr'>itala,</span> <span class='ocrx_word' id='word_1_277' title='bbox 604 3980 741 4052; x_wconf 69' lang='lat' dir='ltr'>Cyprian„</span> <span class='ocrx_word' id='word_1_278' title='bbox 771 3983 886 4034; x_wconf 79' lang='lat' dir='ltr'>Ambro-</span> <span class='ocrx_word' id='word_1_279' title='bbox 939 3982 1140 4053; x_wconf 83' lang='lat' dir='ltr'>quadripartitio</span> <span class='ocrx_word' id='word_1_280' title='bbox 1150 3982 1175 4035; x_wconf 90' lang='lat' dir='ltr'>S.</span> <span class='ocrx_word' id='word_1_281' title='bbox 1185 3981 1334 4052; x_wconf 82' lang='lat' dir='ltr'>scripturae</span> <span class='ocrx_word' id='word_1_282' title='bbox 1344 3980 1406 4034; x_wconf 91' lang='lat' dir='ltr'>hinc</span> <span class='ocrx_word' id='word_1_283' title='bbox 1420 3981 1449 4033; x_wconf 91' lang='lat' dir='ltr'>in</span> 
     </span>
     <span class='ocr_line' id='line_1_33' title="bbox 378 4063 1449 4136; baseline 0 -20"><span class='ocrx_word' id='word_1_284' title='bbox 378 4063 451 4118; x_wconf 84' lang='lat' dir='ltr'>siast.</span> <span class='ocrx_word' id='word_1_285' title='bbox 472 4066 545 4135; x_wconf 88' lang='lat' dir='ltr'>etc.);</span> <span class='ocrx_word' id='word_1_286' title='bbox 564 4064 624 4118; x_wconf 84' lang='lat' dir='ltr'>Gal.</span> <span class='ocrx_word' id='word_1_287' title='bbox 647 4064 693 4128; x_wconf 91' lang='lat' dir='ltr'>Vl,</span> <span class='ocrx_word' id='word_1_288' title='bbox 713 4081 752 4129; x_wconf 71' lang='grc' dir='ltr'>τι.</span> <span class='ocrx_word' id='word_1_289' title='bbox 941 4067 1039 4136; x_wconf 84' lang='lat' dir='ltr'>Legem</span> <span class='ocrx_word' id='word_1_290' title='bbox 1058 4079 1083 4120; x_wconf 87' lang='lat' dir='ltr'>et</span> <span class='ocrx_word' id='word_1_291' title='bbox 1096 4065 1251 4136; x_wconf 83' lang='lat' dir='ltr'>Prophetas,</span> <span class='ocrx_word' id='word_1_292' title='bbox 1266 4065 1328 4119; x_wconf 87' lang='lat' dir='ltr'>inde</span> <span class='ocrx_word' id='word_1_293' title='bbox 1342 4081 1407 4118; x_wconf 81' lang='lat' dir='ltr'>vero</span> <span class='ocrx_word' id='word_1_294' title='bbox 1420 4067 1449 4116; x_wconf 88' lang='lat' dir='ltr'>in</span> 
     </span>
    </p>

    <p class='ocr_par' dir='ltr' id='par_1_7' title="bbox 413 4147 1325 4221">
     <span class='ocr_line' id='line_1_34' title="bbox 413 4147 1325 4221; baseline 0.002 -21"><span class='ocrx_word' id='word_1_295' title='bbox 413 4147 455 4219; x_wconf 90' lang='lat'>(2)</span> <span class='ocrx_word' id='word_1_296' title='bbox 466 4149 506 4202; x_wconf 86' lang='lat' dir='ltr'>lta</span> <span class='ocrx_word' id='word_1_297' title='bbox 515 4165 547 4202; x_wconf 87' lang='lat' dir='ltr'>ex</span> <span class='ocrx_word' id='word_1_298' title='bbox 557 4148 696 4216; x_wconf 68' lang='lat' dir='ltr'>Ott.¹lfol.</span> <span class='ocrx_word' id='word_1_299' title='bbox 711 4163 720 4216; x_wconf 77' lang='grc' dir='ltr'>ς</span> <span class='ocrx_word' id='word_1_300' title='bbox 734 4151 761 4217; x_wconf 83' lang='lat' dir='ltr'>n)</span> <span class='ocrx_word' id='word_1_301' title='bbox 772 4162 798 4204; x_wconf 92' lang='lat' dir='ltr'>et</span> <span class='ocrx_word' id='word_1_302' title='bbox 808 4149 884 4203; x_wconf 87' lang='lat' dir='ltr'>Vat.¹</span> <span class='ocrx_word' id='word_1_303' title='bbox 940 4149 1100 4221; x_wconf 86' lang='lat' dir='ltr'>Evangelica</span> <span class='ocrx_word' id='word_1_304' title='bbox 1116 4161 1142 4203; x_wconf 87' lang='lat' dir='ltr'>et</span> <span class='ocrx_word' id='word_1_305' title='bbox 1161 4149 1325 4221; x_wconf 81' lang='lat' dir='ltr'>Apostolica.</span> 
     </span>
    </p>
   </div>
   <div class='ocr_carea' id='block_1_5' title="bbox 0 0 1634 5062">
    <p class='ocr_par' dir='ltr' id='par_1_8' title="bbox 0 0 1634 5062">
     <span class='ocr_line' id='line_1_35' title="bbox 0 0 1634 5062; baseline 0 0"><span class='ocrx_word' id='word_1_306' title='bbox 0 0 1634 5062; x_wconf 95' lang='lat' dir='ltr'> </span> 
     </span>
    </p>
   </div>
  </div>
 </body>
</html>
