3288 5060
191 482 362 553 (1x‚2-3).]
614 487 705 534 trans
728 487 842 534 paruus
1197 485 1257 551 213

191 680 293 758 niens,
316 696 347 745 et
369 680 543 761 inveniens
567 696 597 746 et
620 680 653 746 in
677 697 777 746 semet
801 682 923 768 rapiens
946 680 1061 768 ipsum,
1080 678 1261 746 duodecimi

191 788 374 876 adimplevit
397 787 515 870 locum,
533 789 565 855 ΙΙ
588 789 676 856 litera
699 813 737 855 ex
759 788 882 857 duobus
902 787 1035 855 lambdis
1051 788 1139 874 (aa)
1158 788 1261 854 consi-

191 911 302 961 stente.
350 894 550 986 Quapropter
573 913 604 962 et
628 894 734 984 fugere
752 918 807 962 eos
831 918 885 985 per
903 896 1097 983 agnitionem
1116 914 1193 962 xcnt
1212 894 1260 961 lo-

190 1023 277 1081 cum,
297 1001 358 1066 hoc
377 1017 423 1066 est
445 1000 741 1082 deminorationem,
761 1017 871 1090 typum
897 1001 1039 1066 sinistrae
1063 1023 1190 1067 manus:
1211 1023 1261 1066 se-

190 1107 267 1172 ctari
292 1123 396 1173 autem
422 1130 532 1191 unum,
555 1107 641 1197 quod
667 1105 807 1174 additum
832 1129 924 1195 super
944 1127 1019 1173 xerx
1043 1108 1076 1174 in
1098 1105 1259 1174 dexteram

190 1237 247 1279 eos
270 1237 402 1280 manum
426 1213 634 1280 transtulit&

260 1341 289 1406 3.
314 1321 368 1386 Tu
391 1319 520 1410 quidem
542 1321 618 1388 haec
648 1323 868 1409 pertransiens,
891 1320 1104 1402 dilectissime,
1140 1321 1260 1409 optime

190 1429 258 1494 scio
281 1429 433 1516 quoniam
454 1425 570 1494 ridebis
600 1427 737 1496 multum
772 1443 890 1494 tantam
924 1427 1052 1494 illorum
1076 1427 1110 1492 in
1133 1442 1259 1494 tumore

190 1536 364 1623 sapientem
395 1533 569 1601 stultitiam.
616 1533 695 1600 Sunt
717 1551 823 1600 autern
847 1532 933 1622 digni
957 1533 1092 1621 planctu,
1116 1534 1169 1621 qui
1192 1548 1260 1599 tan-

190 1657 255 1706 tam
275 1641 335 1707 Dei
359 1641 545 1730 religionem
560 1657 590 1707 et
608 1640 859 1730 magnitudinem
879 1663 952 1706 vere
968 1636 1182 1706 inenarrabilis
1196 1640 1261 1704 vir-

189 1750 276 1829 turis,
300 1764 331 1814 et
353 1763 454 1814 tantas
483 1747 703 1836 dispositiones
727 1748 787 1814 Dei
810 1770 864 1835 per
895 1748 978 1813 Aet
1000 1747 1036 1828 B,
1060 1762 1092 1813 et
1115 1769 1169 1835 per
1200 1770 1259 1812 nu-

192 1876 298 1922 meros
332 1871 397 1922 tam
423 1852 564 1944 frigidoS,
588 1871 618 1920 et
641 1856 673 1920 vi
697 1871 836 1921 extortos
863 1855 1041 1921 enunciant.
1092 1854 1261 1942 Quotquot

188 1979 294 2027 autem
326 1960 479 2028 absistunt
501 1959 539 2028 ab
565 1961 715 2042 Ecclesia,
738 1977 767 2028 et
791 1960 840 2027 his
863 1960 996 2028 anilibus
1019 1958 1131 2026 fabulis
1154 1983 1260 2026 assen-

189 2071 280 2150 tiunt,
300 2091 373 2135 vere
388 2091 405 2134 a
422 2069 599 2157 semetipsis
614 2084 686 2135 sunt
702 2067 885 2136 damnate>
930 2069 1024 2150 Quos
1044 2066 1159 2133 Paulus
1174 2066 1259 2134 iubet

188 2243 243 2323 τὴν
259 2248 314 2304 τού
332 2238 436 2326 ὁμοίου
454 2241 534 2323 αὐτῷ
552 2239 676 2324 ζήτησιν
693 2238 946 2324 παραγενόμενον,
967 2241 1019 2302 καὶ
1037 2239 1133 2321 εύρλν,
1149 2240 1202 2302 καὶ
1217 2238 1259 2315 εἰς

187 2346 279 2411 ἑαυτὸ
302 2347 441 2434 ἁρπάσαν
464 2349 563 2428 miror,
587 2349 641 2432 την
664 2355 716 2410 τοῦ
740 2347 912 2412 δωδεκάτου
931 2345 1126 2432 ἀνεπλήρωσε
1145 2345 1258 2432 χώραν,

188 2463 241 2516 τού
253 2453 285 2518 Μ
297 2454 449 2539 στοιχείου
460 2456 497 2518 ἐνι
511 2454 565 2517 δύο
581 2452 608 2518 Λ
624 2451 832 2538 συγκειμένου.
880 2454 934 2517 Διὸ
949 2457 1001 2518 καὶ
1016 2454 1135 2539 φεύγειν
1151 2456 1258 2530 αύτούς

189 2561 238 2623 διὰ
259 2571 313 2644 τῆς
342 2559 481 2645 γνώσεως
503 2563 637 2644 τὴντῶν
664 2559 843 2644 ἐνενήκοντα
870 2559 957 2624 ὲννὲα
984 2559 1096 2646 χώραν,
1124 2559 1258 2626 τουτέστι

189 2671 223 2730 τὸ
245 2665 408 2752 ὑστέρημα,
432 2667 524 2731 τύπον
546 2668 702 2752 ἀριστερᾶς
720 2662 838 2752 χειρὸς·
862 2665 1055 2750 μεταδιώκειν
1073 2669 1107 2731 δὲ
1126 2670 1160 2732 τὸ
1179 2668 1220 2750 ἓν,
1240 2668 1257 2731 θ

190 2774 358 2857 προστεθὲν
379 2783 440 2850 τοῖς
462 2773 640 2858 ἐνενήκοντα
663 2771 759 2855 ἐννέα,
783 2774 824 2850 εἰς
848 2776 900 2857 τὴν
923 2773 1021 2851 δεξιὰν
1043 2777 1152 2850 αὐτούς
1170 2783 1257 2860 χεῖρα

189 2877 364 2964 μετέστησε.

259 3004 286 3068 3.
307 2985 351 3049 Σύ
367 2987 423 3070 μὲν
437 2995 531 3050 ταῦτα
544 2981 745 3070 διερχόμενος,
762 2986 911 3070 ἀναπητὲ,
929 2987 962 3050 ed
977 2985 1044 3050 οΙδα
1060 2989 1103 3049 ύτι
1117 2985 1257 3071 γελάσεις

188 3091 289 3155 πολλὰ
299 3093 353 3176 την
364 3092 501 3177 τοιαύτην
514 3094 612 3156 αὐτῶν
624 3091 795 3175 οἰησύοορον
809 3091 930 3176 μωρίαν.
969 3091 1069 3169 Ἀξισι
1081 3093 1114 3156 δὲ
1125 3091 1256 3169 πένθους

188 3199 216 3260 οἱ
238 3198 420 3284 τηλικαύτην
441 3197 627 3286 θεοσέβειαν,
651 3200 704 3262 καὶ
718 3201 752 3262 τὸ
768 3196 901 3282 μέγεθος
915 3207 968 3283 της
983 3198 1109 3282 ἀληθῶς
1127 3199 1256 3284 ἀρρήτου

188 3304 350 3390 δυνάμεως,
368 3307 421 3369 καὶ
436 3307 488 3382 τὰς
503 3306 650 3381 τοσαύτας
669 3304 840 3390 οἰκονομίας
854 3314 907 3370 τού
923 3303 1015 3387 Θεοῦ,
1030 3306 1079 3370 διὰ
1094 3315 1146 3370 τού
1161 3305 1254 3390 ἄλφα,

187 3413 240 3474 καὶ
262 3409 300 3476 δι’
316 3412 452 3496 ἀριθμῶν
482 3415 575 3489 ούτως
602 3413 725 3498 ψυχρῶς
750 3414 803 3475 καὶ
827 3410 1026 3498 βεβιασμένως
1057 3413 1254 3498 διασύροντες.

186 3515 278 3582 Ὅσοι
295 3518 328 3581 δὲ
347 3517 521 3601 ἀφίστανται
536 3527 590 3604 της
605 3517 805 3603 Ἐκκλησίας,
824 3521 877 3583 καὶ
896 3519 1010 3595 τούτοις
1027 3529 1087 3596 τοῖς
1107 3519 1256 3605 γραύδεοι

187 3623 296 3708 μύθοις
312 3623 477 3706 πείθονται,
497 3623 623 3708 ἀληθῶς
641 3623 897 3708 αύτοκατύικριτοι,
916 3625 966 3700 ούς
989 3625 1005 3686 ὁ
1029 3623 1153 3701 Παῦλος
1171 3625 1255 3710 ἐγκε-

224 3793 371 3864 (ι)Μοιιιω
386 3797 456 3866 quod
467 3807 577 3867 spectat,
589 3796 695 3850 noveris
750 3797 839 3867 pervia
857 3796 984 3848 «dextera
999 3813 1082 3851 annos
1092 3813 1251 3850 numerare»

189 3877 212 3928 l'
214 3891 260 3932 ett.
271 3878 361 3950 digitis
370 3880 443 3934 varie
453 3879 624 3934 conformatis
635 3897 695 3933 usos
750 3882 782 3933 ad
801 3881 963 3951 decrepitam
987 3892 1122 3935 senectam
1143 3881 1255 3935 innuen-

187 3979 245 4016 esse
261 3975 288 4016 ut
298 3976 479 4030 numerarent,
500 3976 526 4018 et
540 3964 647 4034 quidem
660 3964 694 4016 si·
749 3965 810 4017 dam
821 3965 866 4034 [ex
878 3964 960 4017 Mass.
968 3977 994 4018 et
1002 3965 1118 4035 Caesel.
1145 3965 1255 4037 Psychi-

187 4048 287 4103 nistrae
297 4066 392 4103 manus
408 4067 489 4121 usque
505 4049 538 4102 ad
551 4063 594 4120 99,
604 4049 694 4103 dexte·
748 4065 792 4101 cos
811 4065 875 4102 vero
894 4060 921 4101 et
940 4049 1123 4118 pneumaticus
1141 4049 1254 4102 sinistris

189 4150 232 4186 rae
251 4151 266 4186 a
282 4134 477 4204 roodeinceps:
492 4134 554 4188 hinc
573 4134 694 4204 loquutio
747 4134 898 4204 dextrisque
917 4132 1079 4204 significatos
1094 4133 1217 4187 vidimus.

188 4218 331 4287 prophanis
359 4218 491 4288 sacrisque
523 4218 694 4289 scriptoribus
784 4221 826 4286 (2)
845 4217 898 4272 Cfr.
918 4235 1014 4288 nempe
1037 4217 1085 4270 Tu.
1105 4217 1150 4284 ΙΙΙ,
1170 4235 1209 4272 11.
