3230 5062
216 407 251 474 (1,
274 405 340 476 rat]
642 408 731 454 troes
756 407 869 454 nutrius
1228 407 1287 471 119

284 629 315 692 4.
332 607 372 674 Et
387 606 446 674 alia
469 607 568 674 multa
591 604 699 672 odiosa
716 621 747 672 et
770 605 945 692 irreligiosa
967 603 1126 686 facientes,
1144 628 1204 672 nos
1219 608 1289 695 qui-

215 713 301 794 dem,
319 714 373 801 qui
396 735 452 800 per
474 713 625 780 timorem
645 711 705 777 Dei
729 711 880 778 timemus
903 712 997 777 etiam
1022 735 1119 800 usque
1142 713 1174 778 in
1198 735 1289 778 men-

215 817 299 886 tibus
322 821 440 886 nostris
456 834 487 886 et
505 816 705 885 sermonibus
721 818 895 906 peccare‚<¹)
909 836 1044 906 arguunt
1059 819 1146 906 quasi
1164 817 1287 898 idiotas,

216 943 246 992 et
270 925 347 992 nihil
371 927 519 1005 scientes3
544 925 729 1013 semetipsos
752 924 915 1005 extollunt,
943 923 1098 1012 perlectos
1127 941 1286 1006 vocantes,

215 1053 245 1098 et
269 1034 391 1099 semina
414 1033 586 1100 electionis,
632 1032 702 1100 Nos
722 1032 856 1098 enimin
879 1031 979 1098 usul²l
996 1032 1129 1120 gratiam
1148 1033 1286 1120 accipere

215 1138 333 1220 dicunt,
360 1154 548 1228 quapropter
576 1155 606 1205 et
635 1137 750 1205 auferri
778 1161 794 1204 a
822 1135 932 1205 nobis:
967 1139 1153 1225 semetipsos
1181 1156 1286 1205 autem

216 1248 340 1337 proprie
363 1245 533 1334 possidere,
555 1245 721 1314 desursum
746 1244 784 1312 ab
807 1243 1003 1312 inenarrabili
1018 1261 1048 1311 et
1067 1244 1287 1312 innominabili

215 1353 345 1440 syzygia
374 1350 615 1420 descendentem
647 1349 760 1417 habere
783 1352 926 1438 gratiam,
953 1370 983 1418 et
1006 1367 1168 1438 propterea
1195 1351 1285 1418 adiici

215 1459 307 1522 eissu
363 1457 564 1546 Quapropter
591 1479 629 1522 ex
661 1457 750 1524 omni
783 1455 881 1522 modo
912 1472 1056 1544 oportere
1080 1479 1135 1522 eos
1162 1477 1286 1544 semper

215 1563 364 1652 syzygiae
388 1561 531 1630 meditari
548 1561 781 1649 mysterium&
826 1562 865 1628 Et
888 1562 948 1628 hoc
968 1561 1099 1629 suadent
1122 1561 1287 1628 insensibi-

214 1667 308 1748 libus,
321 1668 369 1736 his
385 1669 586 1736 sermonibus
599 1668 738 1736 dicentes
750 1671 812 1736 sic:
829 1670 1033 1759 Quicumque
1045 1671 1078 1736 in
1090 1670 1215 1736 saeculo
1228 1685 1285 1752 est,

214 1793 246 1842 et
270 1798 402 1843 uxorem
425 1799 490 1843 non
515 1792 610 1858 amat,
637 1792 671 1842 ut
694 1777 722 1842 ei
745 1777 964 1866 coniungatur,
984 1800 1048 1843 non
1073 1793 1120 1842 cst
1142 1774 1180 1842 de
1203 1779 1286 1843 reri-

283 1959 314 2022 4.
339 1937 402 2002 Kal
424 1937 506 2001 ἀλλα
523 1937 557 2002 δὲ
576 1937 676 2002 πολλὰ
691 1941 808 2024 μυσαρὰ
823 1941 874 2004 καί
893 1939 975 2004 ἀθεοι
989 1938 1185 2024 πράσσοντες,
1200 1939 1285 2024 ἡμῶν

215 2045 271 2128 μὲν
294 2045 342 2108 διὰ
364 2047 415 2110 τὸν
432 2043 523 2130 φίβον
538 2054 591 2109 τοῦ
606 2043 687 2112 Θεοῦ
709 2044 946 2131 φυλασσομένων
967 2049 1021 2112 καί
1043 2045 1148 2132 μέχρις
1172 2047 1285 2124 ἑννοίας

213 2150 267 2212 καὶ
284 2148 379 2234 λόγου
397 2149 549 2234 ἁμαρτεῖν,
568 2148 817 2235 κατατρέχουσιν,
836 2151 876 2228 ὡς
896 2151 1026 2232 ἰδιωτῶν,
1042 2153 1095 2216 καὶ
1115 2153 1207 2237 μηδὲν
1223 2153 1284 2217 ἐπι-

214 2253 386 2340 σταμένων·
410 2255 534 2332 ἑαυτοὺς
556 2257 590 2320 δὲ
612 2257 806 2342 impulsum,
829 2256 960 2334 τελείους
978 2259 1213 2340 ἀποκαλοῦντες,
1232 2262 1284 2323 καὶ

213 2361 374 2447 σπέρματα
396 2362 536 2448 ἐκλογῆς.
584 2361 684 2448 Ἧμᾶς
708 2365 763 2447 μὲν
785 2365 844 2450 γὰρ
867 2363 899 2427 ἑν
914 2364 1021 2449 χρήσει
1037 2367 1090 2448 τὴν
1105 2364 1194 2450 χάριν
1209 2365 1284 2450 λαμ-

214 2451 312 2556 &pileo
324 2466 460 2552 λέγουσι·
474 2469 519 2532 διὸ
530 2471 583 2533 καί
594 2469 859 2554 ἀφαιρεθήσεσθαι
873 2472 980 2556 αὐτῆς·
994 2473 1101 2548 αὐτοὺς
1113 2473 1145 2535 δὲ
1159 2469 1284 2556 litium·

212 2595 264 2638 ταν
286 2575 406 2640 ἀνωθεν
428 2576 489 2638 ἀπὸ
511 2585 564 2659 τῆς
586 2575 716 2660 ἀρρήτου
737 2577 790 2640 καί
809 2577 1021 2660 ἀνωνομίιοτου
1040 2575 1182 2660 συζυγίας
1197 2599 1285 2642 κατε-

212 2681 381 2766 ληλυθυῐκν
392 2681 540 2766 ἔχειντὴν
554 2681 656 2767 χίιριν·
669 2683 722 2746 καί
732 2682 782 2745 διὰ
793 2689 880 2746 τοῦτο
892 2683 1162 2767 προοτεθήσεσθαι
1174 2686 1282 2761 αὐτοῖς.

214 2789 269 2852 Διὸ
290 2789 343 2852 καί
365 2787 402 2851 ἐκ
423 2791 535 2865 παντὸς
557 2785 669 2874 τρόπου
692 2788 753 2852 δεῖν
772 2790 879 2865 αὐτοὺς
897 2790 944 2854 ἀεὶ
960 2793 993 2852 τὸ
1008 2800 1061 2872 τῆς
1074 2789 1217 2874 συζυγίας
1232 2813 1282 2875 με·

213 2895 302 2958 λετάν
326 2894 494 2979 μυστήριον.
549 2893 612 2958 Καὶ
634 2903 722 2959 τοῦτο
744 2895 887 2960 πείθουσι
908 2899 977 2973 τοὺς
1003 2897 1157 2981 ἀνοήτως,
1180 2899 1282 2973 αὐτοῖς

212 2999 312 3078 λέξεσι
334 2998 472 3085 λέγοντες
495 3004 606 3078 οὕτως·
632 3003 665 3077 ὃς
687 3002 723 3066 ἂν
739 3001 771 3064 ἐν
786 2999 894 3086 κόσμῳ
910 3002 1068 3087 γενόμενος
1083 3013 1211 3087 γυναῖκα
1226 3005 1282 3068 οὐκ

212 3106 364 3190 ὲριλησεν,
388 3107 468 3170 ὥστε
491 3108 583 3190 αὐτὴν
604 3107 804 3192 κρατηθῆναι,
828 3109 884 3172 οὐκ
907 3109 986 3172 ἔστιν
1004 3107 1036 3185 ἐξ
1055 3109 1212 3193 ἀληθείας,
1229 3111 1282 3173 καί

216 3307 301 3344 «curn
323 3291 424 3362 reliquo
442 3307 554 3344 errore»
576 3293 657 3346 nimis
675 3307 720 3362 ge·
810 3293 852 3362 (3)
870 3291 926 3346 Cfr.
955 3293 1046 3346 Marte.
1075 3293 1121 3358 1V,
1143 3307 1190 3360 25;
1215 3293 1280 3347 Luc.

213 3375 313 3428 neralia
324 3386 386 3430 sunt
399 3388 428 3429 ut
441 3376 621 3448 integritatem
635 3377 720 3447 ipsam
774 3375 846 3440 XIX,
863 3376 911 3430 26:
933 3377 1064 3431 «habenti
1082 3377 1208 3432 dabitur»
1231 3391 1280 3432 etc.

212 3459 289 3512 huius
316 3458 500 3526 consessionis,
526 3477 557 3514 ac
582 3473 720 3532 propterea
773 3459 814 3514 De
841 3461 996 3532 vanagloria
1023 3461 1212 3516 Gnosticorum
1232 3461 1260 3516 cs
1273 3503 1278 3515 .

213 3543 332 3598 valorem
356 3545 576 3598 sacramentalem
600 3562 630 3598 ex
657 3544 720 3598 hisce
774 3545 820 3610 111,
837 3561 876 3613 15,
893 3561 916 3598 2.

211 3627 270 3682 solis
289 3627 422 3682 ostendas.
811 3633 853 3698 (4)
863 3629 917 3684 Cir.
928 3631 1067 3686 Taurum.
1078 3649 1100 3684 c.
1114 3647 1146 3700 30
1158 3635 1196 3703 (p.
1211 3633 1280 3700 583);

249 3711 290 3779 (1)
306 3711 359 3766 cfr.
373 3731 398 3766 ν.
408 3729 435 3784 g.
446 3711 563 3766 Ηειιοιλε
577 3711 629 3766 Vis.
640 3713 661 3777 1,
673 3713 720 3767 sub
775 3715 884 3768 verbum
898 3733 937 3786 gr.
950 3719 1064 3782 μελετᾶν
1076 3717 1154 3772 simul
1165 3717 1281 3769 meditari

212 3795 282 3860 init.;
295 3796 337 3849 vel
349 3799 395 3860 Εἰς
408 3795 540 3862 ίαὶδειξιν,
548 3811 573 3862 2,
582 3814 615 3850 ex
628 3797 720 3867 quibus
775 3811 800 3852 et
819 3817 930 3852 exercere
948 3802 1084 3871 exprimit:
1109 3802 1178 3872 quod
1198 3801 1279 3855 etiam

211 3891 304 3950 aptum
321 3879 364 3934 his
385 3881 608 3934 commentarium
631 3882 719 3934 habes.
774 3884 849 3936 latini
863 3885 935 3938 verbi
949 3884 977 3954 (a
993 3887 1077 3938 metiri
1081 3885 1106 3953 ί)
1119 3896 1230 3956 etymon
1243 3883 1280 3937 in·

247 3965 290 4032 (2)
304 3963 437 4034 loquutio
452 3965 560 4018 iuridica
573 3977 666 4020 notatu
681 3966 720 4019 di·
774 3969 831 4022 uuit
851 3968 909 4037 (cfr.
928 3969 1031 4024 Purus.
1052 3970 1126 4024 Sliclr.
1152 3968 1198 4034 lV‚
1226 3971 1279 4036 34).

210 4065 278 4118 gna:
297 4049 324 4102 ιἰι
343 4066 389 4102 usic
405 4073 422 4095 =
441 4050 469 4102 in
487 4049 637 4116 usufructu;
658 4061 719 4122 pro·
774 4051 844 4106 Infra
857 4057 986 4120 ἀνοήτους
1001 4055 1087 4124 aptius
1102 4053 1213 4108 vertitur
1231 4060 1280 4105 slo-

206 4133 263 4204 ρτίι
281 4157 298 4178 =
316 4133 345 4186 in
363 4133 523 4204 proprietate
542 4135 682 4206 possidere.
773 4135 830 4188 lidis
845 4153 925 4208 quam
944 4137 1131 4190 insensibilibus.
