3230 5062
366 405 425 471 108
647 426 777 475 nannai
801 428 961 476 novamus
983 429 1138 476 naereses
1305 429 1351 500 [V,
1373 444 1424 494 2-4

360 621 476 689 dicunt.
523 622 562 688 Et
585 639 711 710 propter
733 620 794 690 hoc
818 621 1057 692 Hebdomadam
1080 641 1195 692 vocant
1213 649 1298 708 eurn,
1309 626 1342 680 (¹)
1359 649 1426 692 nra-

360 746 441 798 trem
464 747 569 797 autem
593 729 773 797 Achamoth
794 729 960 819 Ogdoada,
975 751 1153 800 servantem
1170 756 1339 800 numerum
1362 735 1425 822 pri·

360 840 538 926 mogenitae
563 853 594 904 et
616 837 779 926 primariae
799 838 987 905 Pleromatis
1013 836 1175 926 ogdoadis.
1221 840 1348 928 Septem
1371 863 1425 907 au-

359 962 424 1012 tem
448 945 561 1026 caelos,
584 967 665 1033 quos
687 943 909 1011 intellectuales
932 968 1000 1012 esse
1022 945 1145 1028 dicunt;
1168 947 1296 1035 angelos
1320 963 1425 1014 autem

360 1075 415 1120 eos
434 1052 559 1120 tradunt
582 1069 612 1119 et
635 1052 902 1143 Demiurgumet
925 1053 1028 1141 ipsum
1047 1053 1206 1142 angelum,
1226 1055 1297 1121 Deo
1320 1071 1425 1122 autem

361 1158 510 1240 similem,
533 1156 802 1247 quemadmodum
825 1174 856 1224 et
880 1158 1064 1226 Paradisum
1091 1182 1184 1247 supra
1205 1161 1333 1226 tertium
1356 1183 1426 1227 cae-

361 1265 427 1334 lum
440 1267 640 1333 exsistentem
656 1266 816 1346 virtutem,
831 1264 1054 1354 archangelum
1066 1283 1211 1354 quartum
1226 1265 1335 1333 dicunt
1345 1290 1424 1350 esse,

361 1389 392 1440 et
410 1372 448 1440 ab
466 1371 527 1439 hoc
543 1373 656 1462 aliquid
676 1373 831 1460 accepisse
845 1372 947 1440 Adam
968 1388 1187 1440 conversatum
1208 1374 1240 1439 in
1259 1374 1350 1440 eo.(²)

430 1501 458 1568 3.
482 1481 568 1547 Haec
591 1495 695 1546 autern
719 1479 930 1568 Demiurgum
948 1479 1056 1547 dicunt
1075 1503 1092 1546 a
1111 1481 1280 1568 semetipso
1297 1481 1424 1569 quidem

361 1603 484 1675 putasse
507 1588 540 1652 in
562 1603 666 1653 totum
690 1583 870 1665 fabricasse3
895 1585 1004 1654 fecisse
1027 1602 1133 1653 autem
1167 1609 1202 1654 ea
1235 1586 1424 1654 Achamoth.

362 1693 494 1760 Caelum
515 1693 600 1758 enim
625 1690 736 1759 fecisse
758 1692 950 1758 nescientem
970 1691 1101 1772 caelum,
1121 1710 1152 1759 et
1174 1691 1338 1758 hominem
1361 1693 1427 1781 pla·

360 1821 480 1866 smasse
504 1800 702 1886 ignorantem
718 1797 893 1878 hominem,
909 1815 1025 1864 terram
1045 1814 1150 1866 autent
1169 1798 1342 1866 ostendisse
1361 1822 1426 1867 non

362 1907 512 1974 scientem
535 1921 662 1986 terrant,
689 1920 719 1971 et
742 1905 775 1971 in
798 1902 946 1972 omnibus
970 1905 1014 1970 sic
1037 1904 1145 1973 dicunt
1168 1905 1328 1993 ignorasse
1352 1929 1427 1972 eum

361 2011 475 2102 figuras
499 2035 621 2092 eorum,
645 2035 722 2100 quae
755 2009 895 2093 faciebat,
924 2029 954 2077 et
985 2013 1086 2100 ipsam
1117 2028 1266 2092 matrem;
1300 2014 1426 2078 semeti-

361 2229 464 2299 γουοιν
487 2211 576 2273 εἶναι·
601 2211 653 2272 καὶ
675 2209 724 2272 διὰ
746 2217 832 2274 τοῦτο
856 2207 1030 2295 Ἐβδομὰδα
1044 2209 1187 2272 καλοῦσιν
1203 2210 1301 2290 αὐτὸν,
1321 2211 1375 2292 chr
1392 2208 1425 2272 δὲ

362 2315 547 2401 μητέρατὴν
565 2313 723 2401 Ἀχαμὼθ
741 2313 903 2400 Ὀγδοάδα,
923 2314 1141 2394 ἀποσώζουοαν
1159 2319 1209 2380 τὸν
1228 2316 1356 2400 ἀριθμὸν
1374 2325 1427 2400 τῆς

361 2419 539 2509 ἀρχεγόνου,
562 2424 615 2485 καὶ
636 2421 755 2507 πρώτης
777 2426 830 2485 τοὺ
854 2419 1060 2506 Πληριὶνματος
1085 2421 1239 2506 ὀγδοάδος.
1286 2420 1365 2498 Τοὺς
1393 2421 1426 2485 δὲ

362 2529 439 2593 ἑπτὰ
463 2529 688 2614 ὠρανοὺς,ὀῦς
710 2529 783 2592 εἶναι
806 2527 928 2612 νοητοὺς
957 2549 1064 2610 φασιν·
1088 2527 1237 2612 ἀγγέλους
1262 2528 1294 2592 δὲ
1321 2529 1427 2605 αὐτοὺς

362 2634 562 2718 ὑποτίθενται,
582 2637 634 2699 καὶ
656 2639 708 2699 τὸν
731 2634 919 2720 Δημιουργον
934 2635 968 2698 δὲ
983 2637 1035 2698 καὶ
1048 2636 1137 2698 αὐτὸν
1151 2634 1292 2720 ἄγγελον,
1309 2633 1378 2718 Θεῷ
1393 2635 1427 2698 δὲ

362 2738 497 2805 ἐοικότα·
521 2742 562 2818 ὡς
584 2743 636 2805 καὶ
658 2743 708 2804 τὸν
727 2740 916 2824 Παρὲδειοον
933 2741 1008 2826 ὑπὲρ
1026 2740 1121 2825 τρίτον
1140 2744 1264 2826 οὐρανὸν
1282 2743 1363 2822 ὄντα,
1382 2741 1427 2806 τὲ-

361 2869 468 2934 ταρτον
489 2847 680 2933 ἁρχάγγελον
703 2845 826 2932 λέγουσι
849 2847 970 2932 δυνάμει
985 2847 1140 2934 ὑπάρχειν,
1164 2851 1216 2912 καὶ
1239 2850 1299 2912 ἀπὸ
1321 2849 1427 2913 τούτου

361 2976 389 3018 τι
407 2953 557 3038 εἰληφέναι
575 2956 626 3017 τὸν
645 2952 749 3038 Ἀδὰμ
767 2953 971 3038 διαιετριφότα
989 2955 1022 3017 ὲν
1040 2957 1129 3038 αὐτῷ.

431 3079 459 3144 3.
471 3058 575 3124 Ταῦτα
587 3059 619 3123 δὲ
632 3063 683 3124 τὸν
692 3059 879 3144 Δημιουργον
891 3059 1057 3143 φάσκουσιν
1070 3059 1237 3144 ἀφ’ἑαυτοῦ
1247 3059 1428 3146 μὲνῷῆοθα·

362 3167 609 3248 κατασκευάζειν,
619 3165 817 3249 πεποιηκέναι
828 3165 856 3230 δ’
865 3168 942 3230 αἰπὰ
953 3175 1006 3250 τῆς
1018 3164 1174 3253 Ἀχαμὼθ
1186 3165 1427 3254 προβαλλοὺσης·

363 3277 486 3360 οὐρανὸν
499 3277 558 3359 γὰρ
573 3272 779 3358 πεποιηκέναι,
793 3275 836 3358 μὴ
852 3272 951 3337 εἰδότα
967 3275 1019 3338 τὸν
1037 3274 1178 3359 οὐρανὸν·
1195 3276 1248 3338 καὶ
1259 3274 1428 3358 ,ἄνθρωπον

363 3380 561 3462 πεπλακέναι,
584 3381 751 3465 ἀγνοοῦντα
774 3382 824 3442 τὸν
847 3379 1026 3464 ἄνθρωπον·
1050 3390 1109 3464 γῆν
1130 3401 1164 3444 τε
1186 3379 1363 3467 δεδειχὲναι,
1387 3382 1427 3464 μὴ

364 3487 559 3572 ἐπιστάμενον
582 3491 635 3571 τὴν
656 3495 729 3572 γῆν·
754 3488 805 3549 καὶ
828 3487 878 3550 ἐπὶ
899 3485 1018 3550 πάντων
1040 3489 1134 3563 οὕτως
1156 3484 1296 3570 λέγουσιν
1319 3486 1428 3570 imon-

399 3655 440 3722 (r)
459 3653 672 3718 ctr.H1n›.1.c.;
688 3653 750 3706 Exc.
765 3653 866 3721 Tlr.47,
920 3653 993 3708 tione
1014 3654 1176 3725 ignoramus.
1221 3654 1345 3708 Notanda
1363 3671 1430 3725 quae

364 3738 396 3791 de
423 3738 553 3791 columnis
576 3745 664 3809 septem
692 3756 707 3791 a
734 3738 867 3808 Sapientia
922 3738 980 3791 heic
1010 3738 1042 3791 de
1073 3739 1178 3792 Adamo
1204 3739 1349 3792 innuuntur
1372 3737 1430 3806 (cfr.

363 3821 464 3876 excisis.
496 3822 548 3875 Ubi
561 3821 711 3876 Hebdomas
721 3835 747 3876 et
759 3821 868 3892 Ogdoas
923 3825 969 3886 Εἰς
988 3822 1055 3876 aazia.
1075 3837 1105 3876 12
1125 3825 1193 3896 sqq.)
1213 3841 1331 3895 quaeque
1348 3824 1431 3894 suspi-

363 3907 869 3972 nominantur‚cettePlerontainmen·
924 3908 1029 3960 cionem
1058 3907 1185 3960 inducunt
1213 3907 1355 3961 Gnosticos
1379 3907 1431 3978 pri·

363 4004 417 4045 tent
432 4004 578 4045 revocatur.
925 4006 1050 4044 rnaevunr
1060 3992 1161 4062 lapsum
1177 3991 1385 4044 substantialiter
1398 4007 1431 4043 ex

398 4077 438 4146 (2)
458 4075 610 4128 Paradisum
627 4087 654 4128 ut
665 4074 871 4130 IVcaelum·an·
928 4075 1018 4130 Genesi
1030 4093 1172 4130 enarrasse.
1210 4075 1250 4128 Cf.
1264 4076 1349 4129 immo
1361 4092 1384 4128 c.
1399 4089 1432 4143 30

363 4162 452 4231 gelum
467 4160 547 4213 tradit
563 4159 624 4213 Exc.
645 4159 689 4214 Tb.
708 4176 753 4228 51:
769 4178 819 4231 qua
832 4178 872 4213 ra·
926 4158 1087 4229 Ophitarum
1103 4172 1262 4214 commenta.
