3230 5062
176 435 337 508 (1,pro).]
597 437 687 484 tinen
710 436 826 484 narnus
1009 457 1024 472 .
1182 437 1242 502 109

175 653 266 719 psum
300 647 405 698 autem
435 646 561 720 putasse
590 632 698 698 omnia
733 653 811 698 esse.
823 631 857 685 (¹)
914 631 1051 700 Causam
1079 647 1184 698 autem
1216 633 1243 698 ei

175 737 271 805 fuisse
293 754 426 805 matrem
450 739 517 804 eius
540 737 610 804 talis
632 739 822 826 operationis
833 738 867 792 (²)
889 736 1006 820 dicunt,
1025 761 1103 827 quae
1127 739 1171 804 sic
1187 760 1245 804 vo-

175 844 267 911 luerit
289 841 461 933 producere
479 868 568 911 eum:
594 861 685 933 caput
714 843 841 934 quidem
866 862 897 912 et
926 846 1050 912 initium
1074 869 1148 912 suae
1171 843 1245 912 sub·

175 953 315 1032 stantiae,
345 949 515 1019 dominum
550 969 655 1020 autem
691 954 854 1020 universae
888 954 1089 1041 operationis.
1153 954 1242 1025 Hanc

175 1077 280 1126 autem
304 1058 441 1126 Matrem
464 1076 495 1126 et
515 1059 704 1148 Ogdoadem
729 1076 854 1142 vocant,
880 1076 910 1127 et
929 1059 1094 1150 Sophiam,
1113 1077 1145 1127 et
1163 1061 1245 1128 Ter-

174 1189 255 1246 ram,
274 1182 304 1232 et
322 1166 530 1247 Hierusalem,
546 1184 577 1233 et
593 1167 744 1254 Spiritum
761 1183 915 1249 sanctum,
934 1183 964 1234 et
981 1167 1160 1234 Dominum
1176 1191 1244 1234 ma·

175 1273 345 1340 sculiniter.
398 1271 521 1340 Habere
545 1291 650 1340 autem
674 1272 849 1341 medietatis
881 1274 987 1340 locum
1011 1297 1092 1357 eam,
1116 1291 1146 1341 et
1174 1297 1242 1340 esse

174 1378 302 1468 quidem
319 1402 412 1468 super
430 1380 653 1468 Demiurgum,
666 1378 775 1446 subtus
787 1397 893 1447 autem
912 1383 979 1448 sive
995 1398 1080 1448 extra
1096 1381 1242 1448 Pleroma

175 1509 275 1573 usque
293 1483 331 1552 ad
349 1484 456 1552 linem.
470 1485 505 1539 (³)

243 1615 274 1677 4.
308 1589 413 1682 [WH.
441 1591 470 1673 I,
497 1589 559 1682 10].
607 1591 773 1673 Quoniam
795 1591 924 1680 quidem
949 1593 1142 1660 materialem
1170 1590 1243 1658 sub·

174 1699 320 1764 stantiam
344 1696 503 1764 extribus
527 1696 722 1787 passionibus
742 1715 885 1766 constare
908 1697 1026 1781 dicunt,
1058 1701 1184 1780 timore,
1212 1715 1243 1766 et

172 1805 308 1883 tristitia,
324 1821 354 1871 et
370 1806 492 1892 aporia3
509 1805 548 1872 de
571 1807 685 1872 timore
703 1805 831 1894 quidem
855 1823 885 1872 et
901 1805 939 1873 de
955 1808 1162 1874 conversione
1178 1807 1244 1873 ani·

175 1911 269 1977 malia
292 1909 525 1978 subsistentiam
543 1914 713 2000 accepisse:
738 1911 776 1978 de
801 1914 1009 1980 conversione
1027 1913 1155 2001 quidem
1178 1914 1243 1980 De·

174 2019 337 2106 miurgum
366 2018 475 2086 volunt
497 2019 626 2108 genesin
652 2018 816 2086 habuisse:
840 2019 878 2087 de
902 2023 1017 2088 timore
1043 2037 1149 2088 autem
1172 2022 1244 2090 reli-

172 2233 259 2298 αέναι
281 2236 379 2298 αὐτῶν
401 2236 454 2310 τίς
477 2231 556 2311 ἰδέας
578 2235 619 2299 ῶν
637 2234 732 2299 ἐποίει
749 2237 803 2299 καί
821 2237 914 2320 αὐτὴν
928 2239 983 2320 τῆν
997 2235 1128 2322 μητέρα·
1153 2238 1243 2301 αὑτὸν

173 2342 208 2404 δέ
232 2337 322 2424 μόνον
347 2341 468 2425 ῷῆσθαι
490 2341 588 2406 πίιντα
609 2342 695 2407 altat.
741 2341 846 2407 Αἰτίαν
868 2341 896 2406 δ’
910 2345 990 2428 αὐτῷ
1012 2343 1167 2428 γεγονέναι
1189 2347 1242 2428 τῆν

174 2446 289 2532 μητέρα
314 2457 367 2532 τῆς
395 2446 520 2531 οἰήσεως
546 2447 654 2532 ταύτης
676 2447 836 2532 φάσκουσι,
862 2451 916 2532 την
939 2452 1017 2513 οὕτω
1041 2448 1242 2536 βουληθεῖσαν

174 2561 358 2638 προαγαγεῖν
370 2556 469 2636 αὐτὸν,
477 2553 614 2638 κεφαλὴν
629 2555 683 2639 μὲν
696 2556 749 2617 καί
760 2557 859 2640 ἀρχὴν
873 2565 926 2639 τῆς
938 2554 1011 2631 ἰδίας
1023 2554 1133 2638 οὐσίας,
1142 2554 1242 2640 κύριον

175 2661 209 2724 δέ
220 2670 273 2744 τῆς
283 2661 357 2745 ὅλης
371 2660 585 2744 πραγματείας.
631 2661 752 2745 Τιιίιιην
765 2661 798 2724 δὲ
813 2667 867 2745 την
882 2661 1006 2746 Μητέρα
1020 2663 1073 2725 καὶ
1089 2660 1242 2747 Ὀγδοίιδα

174 2768 312 2850 καλοῦσα,
343 2769 395 2831 καί
424 2767 548 2852 Σοφίαν,
574 2771 627 2832 καί
657 2769 728 2854 Γῆν,
755 2772 808 2833 καί
835 2769 1046 2855 Ἰερουσαλὴμ,
1075 2773 1128 2835 καὶ
1158 2774 1242 2858 ἅγιον

176 2873 311 2959 Πνεῦμα,
334 2877 386 2938 καὶ
412 2873 521 2958 Κύριον
543 2877 716 2960 ἀρσενικῶς.
764 2875 872 2961 Ἐχειν
886 2876 919 2940 δὲ
934 2879 985 2940 τον
1003 2886 1055 2961 τῆς
1078 2875 1242 2966 μεσότητος

174 2977 267 3044 τόπον
288 2983 392 3066 αὐτῆν,
413 2983 466 3045 καί
488 2983 562 3046 εἶναι
580 2981 716 3067 ὑπερίνω
735 2983 789 3065 μὲν
807 2991 859 3046 τοῦ
880 2984 1079 3068 Δημιουργοῦ,
1098 2983 1242 3048 ὑποκάτω

175 3087 209 3151 δὲ
230 3089 249 3171 ἢ
272 3085 330 3164 ἔξω
352 3096 404 3151 τοῦ
429 3087 645 3174 Πληρὼματος,
669 3087 759 3173 μέχρι
781 3087 962 3165 συντελείας.

241 3215 273 3279 4.
296 3193 385 3260 Ἐπεί
407 3196 459 3260 οὖν
481 3199 536 3280 τὴν
557 3195 664 3280 ὑλικῆν
686 3197 789 3260 οὐσίαν
813 3197 852 3261 ἐκ
874 3207 960 3281 τριῶν
974 3197 1084 3262 παθῶν
1098 3183 1241 3284 συστῆναι

174 3299 306 3385 λέγουσι,
328 3298 423 3388 φόβου
444 3323 488 3383 τε,
511 3304 564 3368 καί
586 3303 692 3388 λύπης,
715 3305 768 3367 καί
791 3303 934 3388 ἀπορίας·
954 3303 991 3368 ἐκ
1007 3307 1061 3390 μὲν
1076 3313 1129 3370 τοῦ
1147 3301 1241 3394 φόβου

174 3407 226 3469 καί
247 3414 301 3490 τῆς
322 3406 502 3492 ἐπιστροφῆς
523 3409 701 3502 τᾰοψυχικίι
715 3411 769 3494 τὴν
786 3409 929 3473 σύστασιν
947 3408 1116 3493 εἰληφέναι·
1132 3409 1170 3474 ἐκ
1185 3413 1240 3496 μὲν

175 3523 227 3597 τῆς
237 3514 416 3598 ἐπιστροφῆς
429 3516 481 3578 τὸν
495 3513 682 3599 Δημιουργὸν
700 3513 855 3602 βοίλονται
870 3518 924 3600 τῆν
935 3515 1052 3600 γε’νεσιν
1064 3515 1238 3602 ἐσχηκέναι,

210 3746 253 3813 (ι)
265 3744 305 3799 De
320 3745 458 3817 Demiurgi
472 3747 621 3819 ignorantia
634 3747 663 3800 cs
674 3787 680 3800 .
735 3749 805 3819 quod
816 3749 912 3804 attinet
925 3749 952 3802 in
964 3749 1028 3802 Exc.
1048 3747 1136 3802 meod.
1150 3764 1178 3818 31
1195 3750 1241 3802 do-

175 3827 250 3882 llm’.
263 3827 308 3895 Vl,
321 3844 366 3898 343
379 3830 442 3884 Exc.
459 3831 550 3886 Theod.
565 3847 615 3904 493
628 3831 681 3886 ΗΕ·
734 3845 809 3887 cetur
833 3835 941 3904 angelos
966 3834 993 3886 in
1016 3834 1167 3888 Pleromate
1185 3851 1241 3886 ma-

175 3926 254 3966 nner.
273 3913 385 3985 (fragm.
398 3933 441 3985 ap.
455 3915 567 3981 Broolre,
582 3934 609 3987 p.
626 3921 679 3985 52).
734 3918 830 3982 sculos,
852 3917 887 3970 ibi
903 3917 1014 3994 seminas
1027 3934 1096 3982 esse;
1109 3917 1154 3972 cfr.
1167 3919 1241 3989 plura

211 3997 253 4066 (2)
271 3996 391 4052 Forsitan
407 4000 471 4071 lep:
487 4001 644 4072 opinationis.
735 4003 803 4072 apud
813 4002 936 4056 Hanacr.
942 4002 983 4072 [ν.
990 4017 1026 4068 40
1035 4003 1159 4070 (Broolre,
1169 4021 1195 4074 p.
1207 4019 1237 4074 91

211 4083 254 4148 (γ)
271 4079 324 4134 cfr·
344 4081 442 4154 Proleg.
459 4101 484 4154 p.
500 4099 534 4148 44
550 4084 582 4138 de
597 4084 680 4138 tribus
734 4088 817 4156 sqq.);
851 4087 882 4139 de
915 4085 967 4139 fine
998 4087 1241 4156 (consummatione

176 4163 493 4236 urriversorumpartibus.
514 4168 556 4220 Ad
566 4172 680 4237 μεσότην
734 4170 856 4223 omniurn
877 4173 977 4239 rerum)
998 4189 1024 4224 ν.
1045 4187 1102 4242 cap.
1118 4171 1176 4224 VII.
