3238 5090
359 528 423 613 468

649 543 777 592 utrumn
799 545 875 592 nov.
896 545 1051 591 naannsss
1104 543 1438 613 [xxx111,5-xxxlv,2

357 739 438 805 Deo.
482 738 550 819 Qui
568 754 674 804 autem
699 761 799 825 poena
818 753 891 804 sunt
910 736 1007 825 digni,
1024 736 1151 804 abibunt
1171 739 1204 804 in
1223 761 1304 820 eam,
1324 755 1354 804 et
1374 739 1438 826 ipsi

357 869 428 911 suas
453 845 601 912 habentes
626 847 757 926 animaS,
774 861 804 910 et
823 867 879 910 sua
903 867 1045 933 corpora,
1062 844 1224 932 inquibus
1247 845 1439 914 abstiterunt

357 945 449 1018 aDci
471 951 619 1018 bonitate.
667 951 706 1019 Et
729 951 895 1017 cessabunt
919 953 1041 1039 utrique
1065 953 1128 1017 iana
1148 974 1308 1039 generare,
1329 971 1359 1018 et
1379 977 1439 1042 ge-

358 1061 470 1140 nerari,
487 1077 517 1126 et
535 1058 648 1126 ducere
666 1082 809 1141 uxorem,
826 1075 857 1126 et
873 1057 1006 1139 nubere3
1023 1076 1056 1126 ut
1073 1077 1329 1126 commensurata
1349 1062 1439 1127 mul-

358 1166 458 1234 titudo
482 1184 552 1232 ante
576 1164 736 1255 praefinita
760 1190 776 1232 a
804 1166 875 1232 Deo
897 1167 1022 1254 generis
1054 1166 1184 1232 humani
1217 1166 1435 1256 perfectorum

359 1296 515 1362 compago
537 1274 618 1356 <siue
641 1274 772 1360 aptatio>
795 1290 959 1338 conseruet
983 1272 1132 1338 Patris(¹)

426 1452 504 1518 Cau.
534 1450 688 1516 XXXIV.
720 1449 824 1540 [WH.
852 1449 916 1516 LV
919 1449 941 1539 ].
993 1451 1173 1532 Quouooo
1204 1472 1435 1520 reassumam·

358 1579 481 1624 auritas
496 1577 650 1624 conponis
663 1577 828 1622 nanturra
842 1575 995 1623 rtounau.
1039 1578 1066 1622 1.
1080 1557 1308 1624 Plenissime)
1322 1577 1434 1626 autem

358 1664 517 1730 Dominus
545 1660 662 1742 docuit,
686 1686 751 1728 non
775 1661 878 1727 solum
912 1684 1120 1750 perseuerare,
1145 1683 1208 1728 non
1232 1663 1270 1729 de
1293 1687 1431 1751 corpore

358 1771 389 1836 in
413 1792 526 1856 corpus
549 1769 823 1855 transgredientes,
847 1768 979 1847 animas,
1003 1767 1057 1834 sed
1076 1787 1106 1834 et
1127 1767 1337 1836 characterem
1359 1794 1437 1838 cor-

357 1878 452 1964 poriS,
469 1879 502 1942 in
517 1899 581 1964 quo
596 1876 690 1942 etiam
708 1875 901 1962 adaptantur,
918 1875 1075 1941 custodire
1091 1873 1239 1942 eumdem
1251 1876 1298 1940 :(³)
1313 1895 1343 1942 et
1362 1900 1436 1943 me-

355 2055 510 2132 αολασεως
533 2053 608 2131 ἄξιοι
631 2052 848 2118 ἀπελεύσονται
863 2053 905 2129 εἰς
919 2051 1022 2137 αὐτήν,
1039 2056 1092 2118 καὶ
1107 2055 1192 2118 αὐτοὶ
1210 2053 1284 2130 ἰδίας
1302 2057 1436 2140 ἔχοντες

356 2161 465 2246 ψυχάς,
485 2163 537 2224 καὶ
552 2161 614 2224 ἴδια
633 2160 769 2245 σώματα,
794 2161 827 2224 ἐν
850 2163 893 2236 οἷς
916 2159 1091 2245 ἀπέστησαν
1114 2162 1176 2224 ἀπὸ
1198 2171 1251 2245 τῆς
1273 2171 1325 2226 τοῦ
1346 2162 1436 2228 Θεοῦ

356 2267 559 2354 χηστὸτητος·
583 2269 635 2330 καὶ
665 2267 830 2331 παύσονται
853 2265 990 2352 ἑκάτεροι
1013 2277 1066 2330 τοῦ
1088 2278 1196 2350 γεννᾶν
1218 2269 1261 2332 ἔτι
1284 2271 1336 2334 καὶ
1360 2293 1434 2354 γεν-

356 2375 478 2456 νᾶσθαι,
503 2376 554 2437 καὶ
576 2383 683 2458 γαμεῖν
711 2376 764 2437 καὶ
782 2373 964 2457 γαμεῖσθαι·
998 2374 1046 2436 ἵνα
1069 2375 1102 2437 τὸ
1132 2374 1300 2460 σύμμετρον
1330 2377 1432 2458 φῦλον

356 2491 408 2564 τῆς
431 2479 652 2566 προορωμένης
674 2483 735 2544 ἀπὸ
759 2478 840 2545 Θεοῦ
862 2479 1093 2565 ἀνθροττὸτητος
1121 2479 1340 2564 ἀποτελεσθέν,
1372 2487 1432 2567 τὴν

355 2587 497 2671 ἁρμονίαν
521 2587 636 2672 τηρήσῃ
659 2595 712 2650 τοῦ
737 2584 865 2670 Πατρός,

391 2757 432 2821 (1)
446 2755 547 2807 Graece
560 2754 625 2806 haec
634 2754 710 2823 plana
722 2765 791 2805 sunt:
805 2752 862 2805 «Ut

359 2849 594 2890 «commensurata
608 2837 750 2889 multitudo
769 2837 862 2888 huma-

358 2943 371 2971 «
381 2922 470 2976 nitatis
480 2939 495 2974 a
506 2922 564 2974 Deo
574 2919 721 2991 praefinita,
732 2921 785 2973 iant
799 2937 862 2972 con·

358 3019 522 3070 «summata,
541 3005 625 3058 Patris
645 3017 782 3058 conservet
802 3004 862 3056 har·

357 3112 370 3140 α
381 3091 499 3144 moniam
510 3111 535 3154 u,
545 3090 590 3143 sci.
610 3107 669 3142 eam
692 3089 861 3141 hamtoniam

354 3192 414 3228 cum
430 3175 536 3244 reliquis
551 3191 630 3244 quam
646 3173 723 3225 Pater
736 3173 859 3226 intendit.

355 3261 485 3330 interpres
497 3260 556 3311 loco
565 3260 756 3322 ἀποτελεσθὲν,
766 3261 814 3324 τὴν
824 3257 860 3310 ie-

354 3345 392 3414 git
411 3345 647 3396 ἀποτελεσθέντων
666 3355 744 3412 atque
766 3343 862 3395 exinde

355 3429 485 3497 integrant
513 3427 672 3480 sententiam
701 3426 860 3497 pessumdat.

391 3515 432 3578 (2)
464 3511 653 3582 Fragmentum
681 3511 746 3563 hoc:
766 3510 861 3564 Pieris·

354 3597 414 3648 sime
428 3625 445 3635 -
461 3595 561 3663 Lazaro
584 3594 686 3665 syriace
705 3603 805 3663 prostat
833 3594 860 3646 in

353 3679 458 3733 Comm.
490 3679 639 3731 Bar-Salibi
673 3678 741 3748 apud
765 3678 860 3743 Prrrtrt,

353 3763 430 3816 Anni.
442 3763 522 3816 Sacra
533 3765 570 3833 (p.
584 3765 636 3834 19).
662 3762 804 3832 Praecipua
816 3779 860 3814 vn-

354 3849 431 3901 rietas
445 3859 483 3900 est
497 3849 525 3900 in
538 3848 624 3899 verbis
641 3868 654 3896 α
662 3863 716 3899 non
731 3847 860 3899 solum...

351 3934 477 3987 animas»
493 3949 560 4003 quae
571 3933 605 3984 ibi
620 3931 775 4002 simpliciter
787 3931 861 3984 exhi·

351 4019 460 4070 bentur:
480 4035 528 4069 non
547 4017 627 4069 solum
648 4035 695 4068 non
717 4015 862 4087 transgredi

348 4107 487 4174 praesentas
507 4103 618 4164 animan
642 4101 742 4154 omittit
762 4101 789 4152 in
808 4099 861 4153 fine

356 4201 445 4256 «quae
470 4185 625 4238 scribitur».
663 4185 798 4238 inducitur
816 4202 861 4237 au-

353 4281 408 4324 tem
437 4269 477 4322 his
497 4269 599 4322 verbis:
623 4268 728 4331 «Quod
756 4269 862 4322 animae

920 2771 933 2800 u
943 2768 997 2804 non
1005 2753 1192 2822 praecesserint
1200 2769 1309 2824 corpora
1318 2767 1344 2807 et
1355 2757 1430 2826 quod

920 2851 997 2888 anon
1016 2836 1206 2906 transmigrent
1220 2837 1253 2890 de
1271 2854 1383 2908 corpore
1399 2841 1429 2892 in

919 2920 1027 2984 «aliud;
1047 2937 1067 2974 s.
1086 2919 1187 2974 irenaei
1201 2939 1241 2992 ep.
1256 2923 1378 2992 Lugdun.
1393 2942 1428 2978 ex

919 3021 1021 3074 «opere
1054 3006 1095 3058 cui
1129 3006 1220 3058 titulus
1251 3012 1266 3035 “
1287 3007 1428 3062 Reiutatio

919 3089 1068 3143 «scientiae
1093 3089 1150 3143 salsi
1170 3091 1286 3144 nominis
1297 3092 1313 3113 '⁹
1332 3109 1365 3145 ex
1385 3111 1428 3146 se-

918 3174 1428 3247 acundolibroeteaprsectionequae

919 3278 932 3306 a
941 3270 981 3311 est
1003 3271 1051 3327 527
1071 3259 1167 3330 integri
1186 3260 1306 3329 operis».
1344 3261 1427 3322 Quod

915 3345 936 3396 si
956 3359 1048 3398 verum
1067 3355 1116 3406 est,
1135 3343 1234 3414 primus
1250 3345 1315 3397 liber
1330 3344 1359 3398 in
1371 3345 1427 3411 456

914 3428 1075 3481 sectionibus
1102 3427 1240 3481 distinctus
1267 3441 1332 3492 erat,
1358 3431 1427 3483 alter

914 3513 1024 3565 veroin
1045 3526 1074 3580 75
1097 3512 1216 3565 tantum!
1248 3511 1278 3566 ln
1297 3513 1356 3565 cod.
1377 3532 1428 3567 no·

914 3597 974 3649 stris
988 3607 1065 3666 caput
1075 3613 1187 3650 numero
1197 3611 1273 3650 txvu
1284 3597 1426 3652 indicatur.

951 3683 992 3750 (3)
1011 3679 1065 3733 Csr.
1085 3697 1142 3752 sup.
1160 3695 1218 3746 xlx,
1238 3696 1267 3746 2;
1296 3681 1340 3735 hic
1360 3699 1427 3736 vero

914 3764 1114 3834 inscriptionem
1128 3776 1154 3817 et
1168 3763 1234 3818 inira
1248 3764 1275 3818 in
1288 3763 1341 3818 fine
1355 3765 1378 3834 3.
1390 3797 1427 3805 -

914 3848 1029 3901 Animae
1067 3848 1147 3918 igitur
1182 3848 1263 3902 veluti
1306 3847 1427 3919 effigiem

914 3931 1058 4002 quamdam
1087 3932 1204 4003 corporis
1234 3932 1308 3986 cuius
1339 3931 1427 3987 forma

915 4016 1020 4070 suerunt
1051 4028 1219 4081 conservant,
1249 4017 1428 4088 quemadmo-

915 4101 1059 4172 dum-aqua
1072 4101 1172 4154 vasculi
1185 4101 1213 4153 in
1225 4117 1277 4172 quo
1287 4103 1428 4172 gelaverit.

914 4183 968 4237 Cfr.
982 4185 1075 4238 eadem
1089 4201 1194 4255 prorsus
1204 4184 1273 4255 apud
1283 4183 1428 4239 Tentura.

915 4267 955 4320 De
972 4270 1050 4321 onim.
1070 4286 1093 4321 c.
1114 4284 1137 4337 7.
