3230 5062
203 439 352 510 (v11,2).]
631 445 720 490 ιιιιειι
745 445 858 491 arturus
1215 447 1272 512 175

923 547 1101 552 ——.—.-..-
1122 548 1145 553 —..
1178 549 1273 556 —-—.

204 638 247 704 ei:
262 664 279 700 ιι
291 639 387 725 Aperi
400 661 436 704 os
447 657 549 720 tuum,
560 655 591 705 et
605 640 731 728 loquere
747 640 979 729 quodcumque,
993 658 1022 706 et
1034 640 1274 730 prophetabis».

204 743 260 810 Illa
273 761 379 810 autem
395 743 521 812 seducta
536 761 566 812 et
577 745 655 812 elata
667 746 705 812 ab
716 745 766 812 his
778 769 856 834 quae
869 745 1023 834 praedicta
1036 763 1119 830 sunt,
1133 749 1276 814 concale-

204 848 321 917 faciens
337 851 475 917 animam
492 875 509 918 a
526 852 704 939 suspicione
722 851 807 940 quod
823 852 948 940 incipiat
965 851 1160 940 prophetare,
1176 877 1275 941 quum

203 980 259 1025 cor
271 959 338 1024 eius
355 958 456 1025 multo
469 958 646 1048 plusquam
662 977 804 1048 oporteat
820 960 958 1049 palpitet,
974 960 1077 1041 audet,
1090 978 1120 1026 et
1136 962 1275 1050 loquitur

203 1060 360 1142 delitiosi,
369 1078 399 1126 et
407 1084 622 1151 quaecumque
634 1065 794 1130 evenerint
803 1063 1065 1144 omnia‚<¹>vacue
1077 1080 1107 1130 et
1119 1059 1274 1147 audacter,

203 1168 317 1255 quippe
330 1166 474 1235 calefacta
489 1169 613 1256 spiritu;
629 1168 726 1258 (sicut
742 1169 854 1236 melior
869 1167 960 1236 nobis
970 1170 1004 1222 (ἢ
1018 1169 1056 1236 de
1075 1170 1187 1236 talibus
1202 1195 1275 1260 pro-

203 1274 304 1363 phetis
330 1277 519 1364 exsequitur,
529 1276 563 1330 (³)
584 1276 668 1365 quod
691 1276 791 1344 audax
815 1291 845 1342 et
868 1276 1075 1343 inuerecunda
1099 1294 1145 1344 est
1169 1279 1275 1345 anima

203 1403 282 1469 quae
305 1381 389 1448 sith)
419 1405 519 1448 vacuo
543 1391 612 1448 aire
636 1381 838 1472 excalefacta)
862 1398 893 1448 et
915 1382 1026 1449 exinde
1051 1383 1274 1471 prophetidem

204 1489 406 1576 semetipsam
430 1504 527 1576 putat,
551 1504 581 1554 et
599 1489 713 1576 gratias
732 1490 795 1577 agit
810 1489 920 1555 Marco
940 1490 978 1569 ei,
1002 1490 1056 1577 qui
1080 1490 1274 1578 participavit

204 1595 233 1660 ei
260 1617 351 1660 suam
380 1595 531 1683 gratiam:
556 1610 586 1660 et
613 1617 813 1661 remunerare
841 1618 915 1661 eum
942 1597 1046 1683 gestit,
1073 1618 1137 1661 non
1169 1596 1274 1663 solum

204 1700 378 1768 secundum
408 1700 596 1768 substantiae
626 1724 700 1767 suae
730 1701 890 1768 dationem
918 1701 1017 1791 (unde
1041 1719 1071 1767 et
1094 1701 1274 1770 divitiarum

204 1809 327 1897 copiam
352 1831 501 1896 magnam
525 1808 679 1898 collegit),
699 1806 799 1874 sedet
816 1807 988 1874 secundum
1013 1810 1153 1897 corporis
1177 1833 1274 1898 copu-

204 1914 364 1996 lationem,
389 1930 418 1980 et
446 1913 619 1981 secundum
651 1916 758 1980 omnia
787 1914 867 1979 uniri
899 1915 927 1979 ei
956 1916 1052 2002 cupit,
1079 1931 1113 1980 ut
1136 1938 1210 1981 curn
1234 1939 1274 1982 eo

202 2021 368 2089 descendat
392 2021 424 2087 in
448 2044 559 2087 unum.

202 2199 344 2286 τωμένης,
368 2202 457 2286 φησὶν
480 2202 572 2284 αὐτη·
603 2199 772 2276 «Ἀνοιξον
794 2202 828 2263 τὸ
850 2200 949 2283 στόμα
969 2220 1036 2282 σου,
1057 2199 1191 2284 λαλησον
1211 2204 1227 2263 ὃ
1246 2223 1274 2264 τι

209 2333 224 2368 ιι
236 2307 358 2390 δήποτε,
380 2309 433 2370 καὶ
450 2306 666 2391 προφητεύσεις
677 2331 709 2370 ιι.
756 2305 796 2370 Ἡ
816 2306 849 2370 δὲ
864 2306 1070 2391 χαυνωύεῖοα,
1087 2309 1140 2370 καὶ
1153 2327 1274 2390 κεπρω·

202 2413 294 2476 θεῖσα
315 2413 374 2477 ὑπὸ
396 2422 454 2477 τῶν
477 2411 707 2498 προειρημένων,
731 2413 992 2498 διαύερμανύεῖσοι
1014 2416 1068 2497 τὴν
1091 2413 1190 2498 ψυχὴν
1213 2415 1273 2478 ὑπὸ

201 2529 256 2603 τῆς
265 2518 446 2603 προσδοκίας
457 2529 509 2584 τοῦ
521 2518 642 2604 μέλλειν
656 2521 748 2603 αὐτὴν
762 2518 967 2603 προφητεύειν,
979 2529 1033 2603 τῆς
1043 2519 1168 2604 καρύὶοις
1180 2519 1273 2585 πλέον

201 2635 256 2690 τού
277 2625 395 2703 δέοντος
418 2626 603 2712 παλλούσης,
634 2626 794 2710 ἀποτολμᾷ
817 2626 920 2690 λαλεῖν
942 2625 1064 2711 ληρώδη
1088 2629 1140 2690 καὶ
1163 2630 1200 2692 τὰ
1225 2650 1272 2693 τυ-

202 2731 297 2818 χόντα
312 2733 410 2799 πάντα
424 2741 519 2810 κενῶς
536 2737 589 2798 καὶ
607 2734 773 2818 τολμηρῶς,
790 2736 843 2797 ἅτε
859 2734 917 2797 ὑπὸ
932 2743 1023 2797 κενοῦ
1038 2733 1272 2819 τεύερμαμμένη

201 2839 387 2925 πνεύματος·
412 2837 534 2928 (καθὼς
557 2841 574 2904 ὁ
597 2839 743 2925 κρείσσων
766 2839 850 2924 ἡμῶν
872 2839 931 2923 ἔφη
955 2841 1023 2925 περὶ
1041 2861 1098 2904 των
1122 2840 1272 2922 τοιούτων,

201 2947 246 3009 ύτι
268 2945 417 3032 τολμηρὸν
439 2948 492 3010 καὶ
513 2946 631 3022 ἀναιδὲς
654 2947 738 3032 ψυχὴ
760 2953 839 3029 κενῷ
862 2945 928 3031 ἀέρι
946 2945 1195 3035 θερμαινομένη),
1220 2950 1273 3010 καὶ

201 3051 262 3116 ἀπὸ
284 3052 390 3117 τούτου
411 3052 516 3116 λοιπον
538 3052 705 3136 προρήτιδιι
728 3051 835 3136 έαυιην
858 3051 1074 3138 ὑπολαμβάνει,
1105 3056 1156 3117 καὶ
1182 3055 1273 3138 εύχα-
1304 3075 1309 3084 ·

202 3168 297 3242 μστεῖ
315 3157 431 3244 Μούρκῳ
453 3166 495 3242 τῷ
518 3158 675 3223 έπιδιδύντι
692 3168 745 3242 τῆς
765 3157 837 3234 ἰδίας
856 3159 977 3245 χάριτος
994 3161 1090 3243 αὐτη·
1114 3162 1167 3223 καὶ
1188 3159 1274 3242 ἀμεί-

203 3273 312 3360 βεσθαι
342 3276 432 3338 αὐτὸν
459 3283 605 3358 πειρᾶται,
630 3276 665 3338 οὐ
689 3273 778 3359 μύνον
808 3277 889 3338 κατὰ
918 3280 1052 3358 τὴντῶν
1075 3271 1272 3360 ὑπαρχόντων

202 3379 283 3444 δύσιν
307 3379 397 3469 (ὅθεν
426 3383 479 3444 καὶ
505 3381 667 3466 χρημάτων
689 3381 810 3465 πλῆθος
835 3381 913 3444 πολύ
941 3379 1166 3469 συνενήνοχεν),
1191 3381 1272 3445 ἀλλὰ

202 3489 254 3551 καὶ
275 3490 355 3551 κατὰ
376 3489 430 3572 τὴν
452 3496 505 3553 τοῦ
535 3487 674 3572 σώματος
696 3485 860 3568 κοινωνέον,
889 3490 969 3551 κατὰ
1000 3487 1099 3551 πάντα
1126 3488 1272 3552 ένούσθαι

201 3595 282 3676 αύτῷ
299 3591 545 3679 προύνμσυμένη,
563 3595 611 3657 ἵνα
629 3597 685 3657 σὺν
702 3595 782 3676 αὐτῷ
801 3592 941 3678 κατέλύη
959 3594 1000 3670 εἰς
1019 3597 1053 3658 τὸ
1072 3596 1114 3658 ἕν.

238 3757 338 3826 (1)l.c.
346 3756 471 3828 quidquid
481 3769 581 3810 temere
590 3757 709 3828 loquenti
800 3759 842 3825 (4)
857 3757 948 3810 Lectio
959 3756 1054 3821 Vat.1;
1069 3757 1201 3828 intellige:
1215 3758 1272 3812 ani-

202 3842 352 3894 occurrerit.
380 3841 410 3893 ln
417 3857 503 3912 graec.
517 3842 656 3910 ἀποτολμᾷ
663 3845 710 3895 ιιαῑ
764 3859 807 3894 nra
823 3858 892 3894 vana
911 3858 957 3911 spe
975 3841 1134 3895 excalefacta
1156 3840 1212 3911 [cfr.
1229 3859 1271 3894 su·

201 3927 287 3988 λαλεῖ,
306 3936 335 3977 ut
354 3942 395 3995 ap.
415 3925 486 3979 Rom.
506 3924 540 3990 X,
560 3940 601 3979 20.
765 3943 819 3996 per.
840 3928 1013 3994 χαυνωύεῖοα
1032 3931 1078 3978 καὶ
1093 3928 1272 3993 κεπφωύτῖσα

238 4011 280 4079 (2)
299 4008 353 4064 cfr.
371 4008 457 4064 Praei.
477 4027 502 4080 p.
519 4024 561 4078 72,
576 4021 632 4062 not.
650 4025 673 4062 2,
763 4041 780 4048 -
794 4012 1029 4077 οιαύερμανύεῖαοι,
1049 4011 1065 4062 i.
1085 4027 1107 4062 e.
1126 4009 1218 4062 inflata
1244 4020 1270 4062 et

238 4095 279 4163 (ς)
299 4093 319 4146 Ι.
331 4111 354 4147 e.
367 4094 441 4146 verbo
450 4095 617 4164 persequitur,
629 4105 657 4146 ut
670 4106 710 4147 est
764 4095 832 4148 elata
847 4107 873 4147 et
889 4093 1072 4162 effervescens]
1090 4094 1228 4164 impudens
1244 4105 1270 4146 et

200 4179 281 4231 etiarn
301 4177 368 4231 inira
387 4195 409 4231 c.
429 4177 501 4242 XIV,
517 4193 532 4246 7
552 4189 602 4231 etc¹
764 4179 848 4231 audax
868 4177 897 4230 fir
917 4178 949 4230 ad
969 4179 1059 4230 omnia
1078 4177 1233 4247 eloquenda.
