3288 5060
325 409 389 458 222
614 409 744 458 lRENAEl
755 407 922 478 ,abversus
941 405 1096 453 llAERESES
1220 401 1330 472 [XVlll,
1343 417 1390 470 1-3

324 627 393 672 esse
422 605 455 674 in
478 626 527 685 eo,
550 605 604 692 qui
628 604 669 672 sit
691 604 723 670 in
747 601 876 672 cerebro
900 601 999 682 locus,
1022 624 1060 668 ex
1083 623 1147 690 quo
1169 599 1308 667 defluant
1330 602 1396 666 vir-

323 729 406 780 tutes
424 727 558 800 quatuor
581 707 754 778 secundum
779 709 952 798 imaginem
976 729 1127 794 supernae
1155 705 1292 788 tetradis,
1314 729 1396 794 quae

324 832 486 898 vocantur,
510 839 571 885 una
594 813 722 904 quidem
753 815 845 895 visio,
881 813 976 880 altera
1007 829 1112 878 autern
1148 811 1281 894 auditus,
1304 815 1395 879 tertia

324 921 484 1006 odoratus,
508 939 538 990 et
560 938 669 1010 quarta
692 921 838 1010 gustatio.
886 919 1134 989 Octonationem
1158 935 1264 985 autem
1287 918 1397 986 dicunt

324 1029 494 1118 significari
517 1051 571 1123 per
586 1029 752 1096 hominem
768 1029 832 1095 sic:
853 1049 943 1094 aures
965 1025 1093 1115 quidem
1115 1025 1191 1093 duas
1216 1024 1396 1106 habentem,

325 1154 357 1204 et
378 1135 511 1204 totidem
527 1137 623 1218 visun
648 1135 748 1203 adhuc
764 1136 859 1204 etiam
872 1133 1072 1202 odorationes
1084 1132 1171 1212 duas,
1188 1147 1217 1198 et
1235 1131 1395 1220 duplicem

324 1242 547 1330 gustationem‚
571 1241 670 1308 amari
682 1256 713 1309 et
724 1238 834 1308 dulcis.
882 1238 1006 1304 Totum
1019 1255 1123 1304 autem
1142 1236 1305 1303 hominem
1323 1259 1398 1303 om·

326 1371 400 1416 nem
418 1348 590 1436 imaginem
614 1343 814 1414 triacontadis
833 1347 879 1412 sic
902 1344 1015 1412 habere
1037 1344 1165 1411 docent:
1191 1345 1224 1410 in
1247 1344 1396 1412 manibus

325 1453 453 1544 quidem
466 1476 521 1544 per
531 1453 648 1542 digitos
667 1451 816 1522 decadem
829 1451 979 1518 baiulare:
1000 1451 1032 1517 in
1041 1466 1109 1518 toto
1122 1467 1228 1518 autem
1251 1471 1396 1540 corpore,

325 1582 426 1648 quum
443 1562 475 1628 in
491 1579 537 1628 xtt
553 1561 695 1626 membra
716 1556 881 1639 dividatur,
899 1555 1123 1625 duodecadem.
1171 1555 1322 1624 Dividunt
1341 1581 1398 1623 au-

326 1684 392 1736 tem
424 1666 510 1752 illud,
533 1663 802 1760 quemadmodum
827 1665 976 1732 Veritatis
1005 1662 1086 1752 apud
1109 1687 1164 1732 eos
1188 1663 1326 1731 divisum
1350 1679 1398 1731 est

327 1797 452 1864 corpus,
471 1773 510 1844 de
533 1797 597 1864 quo
616 1770 838 1861 praediximus.
886 1771 1075 1860 Ogdoadem
1096 1789 1212 1854 autem,
1228 1789 1258 1839 et
1274 1774 1400 1839 inenar-

326 1879 458 1950 rabilem
474 1898 504 1946 et
524 1877 724 1960 invisibilem,
745 1880 777 1944 in
793 1877 965 1945 visceribus
976 1877 1010 1932 (¹)
1025 1877 1240 1945 absconditam
1255 1879 1398 1966 intelligi.

394 2005 424 2052 2.
449 1985 558 2054 Solem
589 2007 713 2074 quoque
739 1985 863 2066 iterum,
894 1985 947 2073 qui
977 1986 1017 2050 sit
1048 2007 1199 2073 magnum
1231 1985 1398 2067 luminare,

327 2095 360 2162 in
390 2109 498 2182 quarta
527 2091 651 2164 dierum
674 2090 786 2158 fieri(²)
809 2107 934 2179 propter
956 2093 1200 2179 quatemationis
1228 2113 1399 2158 numerum

328 2199 445 2270 dicunt.
492 2199 700 2270 Tabernaculi
728 2223 864 2288 quoque,
886 2197 1012 2287 quoda
1044 2200 1158 2286 Moyse
1184 2201 1398 2287 compositum

329 2370 498 2456 λγκόφαλον
509 2367 610 2458 τόπῳ·
624 2367 677 2454 ἄρ’
689 2373 725 2454 ἠς
736 2369 875 2454 ἀπορρεῖν
889 2369 1027 2455 δυνάμεις
1040 2368 1198 2456 τέσσαρας,
1215 2369 1284 2434 κατ’
1297 2347 1401 2435 εἰκόνα

328 2487 381 2562 της
402 2479 466 2542 ἀνω
487 2476 637 2564 τετράδος,
661 2475 861 2561 καλουμένας,
884 2479 938 2561 τὴν
961 2479 1016 2561 μὲν
1034 2479 1146 2562 δρασιν,
1167 2481 1221 2561 τὴν
1239 2477 1273 2542 δὲ
1291 2479 1399 2562 ἀκοὴν,

329 2587 382 2670 την
404 2584 438 2648 δὲ
461 2583 559 2672 τρίτην
577 2585 731 2668 όσφρηστν,
749 2585 803 2647 καὶ
821 2589 874 2668 την
892 2583 1034 2669 τετάρτην
1050 2593 1162 2669 γεῦσιν.
1210 2583 1275 2668 Τὴν
1294 2585 1328 2648 δὲ
1351 2585 1401 2668 bv·

329 2689 424 2754 δοάδα
441 2691 514 2774 φασὶ
531 2689 701 2776 ρηνόεσόαι
719 2689 768 2752 διά
785 2697 839 2753 τοῦ
854 2687 1017 2774 ἀνθρώπου
1033 2692 1142 2768 ottog-
1166 2692 1262 2766 ἀκοάς
1277 2693 1332 2774 μὲν
1347 2690 1401 2754 tto

329 2797 463 2882 Ιχοντος,
484 2797 536 2860 καὶ
554 2796 702 2872 τοσαύτας
721 2793 848 2880 ὁράσεις,
866 2796 908 2860 ἔτι
923 2817 957 2860 τε
971 2796 1131 2880 δσῳρησεις
1145 2796 1208 2878 δύο,
1223 2799 1277 2862 καὶ
1292 2796 1402 2881 διπλῆν

329 2911 441 2990 γεῦσιν,
461 2911 569 2993 πικροῦ
588 2923 620 2966 τε
635 2905 687 2966 καὶ
701 2902 847 2988 γλυκὲως.
893 2902 992 2968 Ὄλον
1006 2903 1040 2966 δὲ
1054 2907 1105 2968 τόν
1120 2903 1282 2988 ἄνθρωπον
1299 2913 1401 2967 πᾶσαν

329 3013 386 3092 τὴν
406 3007 508 3074 εἰκόνα
530 3019 582 3093 τῆς
604 3008 814 3094 τριακοντάδος
840 3011 934 3086 οὕτως
957 3010 1039 3093 ἔχειν
1061 3009 1267 3074 διδάσκουσιν·
1292 3010 1325 3074 ἐν
1347 3012 1403 3093 μὲν

330 3124 394 3191 ταῖς
416 3117 504 3202 χερσὶ
526 3109 575 3178 διά
597 3125 655 3178 τῶν
678 3115 833 3180 δακτύλων
848 3117 901 3198 την
917 3115 1031 3179 δεκάδα
1047 3115 1220 3202 βαστάζειν·
1242 3117 1275 3180 ἐν
1289 3116 1352 3201 δλῳ
1368 3117 1401 3179 δὲ

330 3228 372 3305 τῷ
390 3220 507 3308 σώματι
526 3221 567 3300 εἰς
585 3220 704 3285 δώδεκα
723 3219 800 3306 μέλη
818 3220 1012 3307 δαιρσυμένῳ
1030 3225 1084 3306 την
1106 3223 1274 3288 δωδεκάδα.
1322 3223 1402 3287 Διαι-

332 3336 418 3410 ροδσι
438 3327 471 3394 δό
495 3330 577 3407 αὐτὸ,
598 3327 740 3414 καθάπερ
759 3331 793 3391 τό
811 3337 864 3413 τῆς
881 3327 1050 3412 Ἀληθείας
1068 3328 1203 3413 διῄρηται
1219 3327 1292 3413 παρ’
1304 3331 1402 3404 αὐτοῖς

329 3443 429 3518 σῶμα,
446 3436 514 3520 περὶ
527 3437 563 3497 ot
578 3429 808 3520 προειρήκαμεν.
857 3433 922 3518 Τήν
940 3456 973 3499 τε
991 3437 1043 3498 σόν
1062 3435 1204 3519 δγδοάδα,
1223 3431 1351 3520 άρδητόν
1369 3456 1402 3500 τε

330 3543 384 3608 καλ
402 3541 530 3628 ἀόρατον
548 3543 651 3622 σῠσαν,
671 3544 704 3606 ὲν
721 3552 781 3619 τοῖς
798 3541 985 3627 σπλάγχνοις
1003 3541 1189 3629 κρυβομένην
1206 3543 1352 3606 νοεῖσθαι.

402 3666 430 3714 2.
455 3647 564 3714 Ἥλιον
579 3649 613 3712 δὲ
628 3649 726 3729 πάλιν,
741 3652 791 3712 τόν
811 3648 906 3733 μέγαν
925 3659 1077 3734 ρωστηρα,
1097 3650 1129 3713 ἐν
1147 3659 1184 3733 τῇ
1200 3649 1327 3734 τετάρτη
1345 3658 1403 3712 τῶν

332 3756 451 3844 ἡμερῶν
465 3753 621 3840 γεγονέναι
636 3757 685 3819 διὰ
700 3759 751 3820 τδν
765 3765 817 3840 τῆς
832 3755 970 3838 τετράδος
985 3755 1114 3840 ἀριθμὸν
1129 3755 1292 3840 φάσχουσι.
1340 3755 1403 3838 Τῆς

328 3882 366 3926 ,τε
389 3869 512 3948 σκηνῆς,
535 3871 588 3946 τῆς
607 3861 665 3926 ὑπό
684 3860 829 3938 Morosa
847 3861 1159 3945 κατασκευασθείσης,
1179 3861 1210 3925 αἱ
1227 3860 1348 3925 αὐλαῖαι
1367 3860 1404 3925 ἐκ

371 4052 413 4118 (τ)
432 4049 541 4103 Viscera
560 4050 632 4104 enim
648 4051 773 4105 intestina
789 4068 842 4104 ser·
898 4051 988 4104 Enna,
1009 4051 1148 4118 XXXVII,
1170 4067 1191 4120 5.

337 4134 422 4204 peratis
435 4151 481 4188 seu
494 4134 510 4186 8
523 4132 636 4204 figuram
649 4135 754 4188 liabent.
788 4133 841 4188 Cfr.
934 4138 975 4202 (ε)
996 4133 1057 4188 Gan.
1068 4135 1098 4202 .1,
1117 4153 1157 4202 ιη,
1176 4151 1221 4208 19.
