3274 5100
368 455 430 522 330
610 455 741 502 tarnum
760 457 921 503 abversus
940 456 1095 502 naereses
1292 454 1362 525 [Vll
1383 470 1433 525 ²-3

366 649 445 716 mihi
459 649 562 718 dicitis
577 651 727 718 emissam
742 675 759 718 a
773 651 883 719 mundi
899 651 1084 720 fabricatore
1094 653 1128 706 (¹)
1147 653 1320 742 Unigeniti‚
1339 676 1436 743 quem

366 773 396 823 et
418 757 508 825 Nun
531 757 626 824 vultis
649 781 718 824 esse
741 759 842 824 Patris
865 760 1099 841 universorum,
1115 777 1146 826 et
1164 760 1336 848 imaginem
1355 759 1439 827 hanc

367 866 562 953 ignorare
594 865 721 954 quidem
745 867 964 954 semetipsam3
989 866 1135 954 ignorare
1154 882 1260 934 autem
1278 884 1309 933 et
1328 867 1440 935 condi-

367 973 498 1054 tionem,
522 973 667 1060 ignorare
690 988 795 1038 autem
818 989 848 1038 et
871 972 1019 1054 Matrem,
1043 990 1073 1038 et
1096 997 1192 1040 omne
1215 973 1439 1061 quodcumque

368 1094 415 1144 est
437 1101 548 1146 eorum
571 1102 650 1167 quae
674 1096 756 1161 sunt,
775 1096 805 1146 et
829 1102 941 1145 eorum
964 1101 1043 1168 quae
1066 1077 1103 1146 ab
1127 1103 1165 1146 eo
1190 1079 1381 1147 factasunt:
1408 1098 1439 1148 et

369 1205 434 1250 non
456 1183 636 1251 erubescitis
659 1183 807 1252 adversus
822 1179 886 1250 'vos
909 1185 1005 1273 ipsos,
1021 1185 1231 1274 ignorantiam
1254 1184 1440 1264 inducentes

370 1311 467 1376 usque
490 1289 528 1358 ad
552 1291 657 1378 ipsum
681 1290 907 1378 Monogenen?
960 1291 993 1358 si
1017 1291 1103 1356 enim
1127 1289 1301 1358 secundum
1326 1291 1441 1357 simili-

368 1395 510 1463 tudinem
539 1418 649 1463 eorum
677 1419 755 1485 quae
779 1413 850 1463 sunt
874 1418 1011 1478 sursum,
1036 1420 1053 1463 a
1076 1397 1238 1464 Salvatore
1263 1396 1440 1464 factasunt

371 1501 467 1568 haec:
502 1503 667 1591 ignorante
699 1526 737 1569 eo
771 1519 866 1584 tanta,
906 1503 960 1591 qui
990 1502 1164 1570 secundum
1196 1503 1439 1571 similitudinem

370 1607 468 1676 factus
491 1625 548 1691 est,
571 1633 699 1676 necesse
722 1626 769 1676 est
792 1626 822 1675 et
846 1611 927 1676 circa
950 1633 1024 1676 eum
1048 1627 1078 1676 et
1102 1609 1275 1678 secundum
1296 1633 1381 1692 eum,
1401 1610 1439 1678 ad

370 1717 458 1782 cuius
488 1714 727 1782 similitudinem
758 1715 856 1782 factus
887 1733 934 1783 est
964 1718 991 1783 is
1018 1717 1072 1804 qui
1099 1717 1233 1805 ignorat,
1256 1715 1440 1784 huiusmodi

370 1823 580 1910 ignorantiam
603 1823 750 1889 exsistere
768 1824 983 1911 (spiritaliter).
993 1824 1026 1878 (²)
1082 1825 1158 1892 Non
1180 1826 1266 1891 enim
1290 1823 1440 1913 possibile

371 1945 427 2012 est,
439 1953 537 2018 quum
551 1929 612 1995 sint
624 1931 747 2018 utrique
759 1929 937 2018 spiritaliter
949 1931 1068 2014 emissi,
1074 1954 1174 2020 neque
1183 1931 1327 2020 plasmati
1339 1954 1441 2019 neque

372 2039 550 2125 compositi,
568 2039 601 2104 in
623 2036 810 2125 quibusdam
832 2035 961 2125 quidem
985 2037 1223 2105 similitudinem
1247 2061 1388 2104 servasse
1407 2039 1441 2104 in

371 2144 557 2233 quibusdam
580 2166 657 2209 vero
681 2142 865 2230 depravasse
884 2145 1056 2231 imaginem
1077 2137 1290 2210 similitudinis
1308 2167 1388 2231 quae
1409 2146 1442 2210 in

373 2251 433 2318 hoc
461 2252 501 2317 sit
529 2250 654 2332 emissa,
678 2268 712 2317 ut
736 2251 776 2316 sit
800 2249 973 2317 secundum
998 2249 1236 2318 similitudinem
1261 2251 1339 2332 eius,
1363 2273 1443 2338 quae

374 2380 498 2424 sursum
522 2375 569 2425 est
587 2358 727 2424 emissio
739 2357 772 2410 (³)
818 2355 916 2438 Quod
936 2357 962 2422 si
980 2379 1046 2423 non
1064 2374 1110 2428 est
1129 2357 1254 2439 similis,
1271 2358 1443 2425 Salvatoris

373 2467 430 2532 erit
453 2466 618 2548 incusatio,
632 2465 686 2551 qui
703 2463 891 2531 dissimilem
908 2463 1012 2530 emisit
1031 2464 1214 2552 imaginem,
1230 2465 1318 2552 quasi
1335 2486 1444 2551 repro-

374 2570 483 2638 babilis
506 2570 624 2638 artilex.
672 2571 738 2637 Nec
755 2572 841 2636 enim
856 2570 959 2637 dicere
974 2587 1116 2658 possunt,
1130 2572 1219 2660 quasi
1234 2593 1299 2638 non
1314 2569 1443 2636 haberet

374 2695 559 2767 potestatem
575 2679 754 2744 emissionis
769 2678 921 2760 Salvator,
933 2701 1029 2766 quem
1043 2705 1058 2741 (ι
1075 2678 1197 2745 Omnia
1211 2704 1227 2740 a
1241 2701 1310 2744 esse
1324 2677 1442 2746 dicunt.

375 2926 424 2977 hac
447 2923 474 2976 in
502 2921 738 2975 exclamationibus
763 2933 889 2976 constru-¹
939 2943 952 2972 n
963 2941 990 2976 re
1000 2944 1013 2973 n
1035 2925 1079 2976 vel
1097 2941 1148 2994 qua
1168 2923 1272 2977 ratione
1291 2924 1317 2976 id
1332 2941 1444 2995 graecus

375 3008 463 3060 ctione
482 3006 528 3059 uti.
573 3005 679 3058 frustra
704 3006 784 3077 igitur
808 3003 882 3058 Οῑῑ.2
935 3021 1027 3062 auctor
1060 3009 1227 3080 expresserit,
1264 3009 1334 3062 haud
1368 3008 1445 3063 facile

376 3091 498 3145 emendat
514 3089 672 3144 indissimiles
687 3092 816 3161 imagines.
936 3093 1057 3147 dixerim.

412 3179 454 3244 (ι)
473 3176 546 3228 Talis
570 3175 726 3246 intelligitur
753 3192 809 3227 non
830 3175 882 3227 De·

376 3261 503 3330 miurgus,
522 3260 576 3324 sed,
596 3272 624 3313 ut
640 3277 672 3312 ex
691 3276 762 3330 seqq.
787 3259 882 3312 melius

376 3345 483 3416 patebit,
508 3344 629 3396 Salvator
650 3344 694 3414 qui
716 3361 761 3415 per
780 3343 882 3415 Enthy-

377 3429 462 3482 mesin
486 3429 643 3498 (imaginem
663 3429 760 3496 Patris)
784 3428 882 3481 emittit

377 3513 552 3582 Demiurgum
576 3512 733 3588 (imaginem
755 3512 884 3582 Monoge-

376 3615 443 3652 noos
458 3615 504 3650 seu
517 3596 591 3649 Nous
612 3597 640 3665 [i.
659 3613 696 3650 e.:
715 3597 883 3665 Mentis]),

376 3681 424 3735 clr.
445 3681 477 3734 ad
496 3681 615 3744 verbum,
637 3680 648 3733 l
668 3695 706 3744 w,
730 3697 751 3746 1,
776 3699 800 3751 p.
825 3696 882 3748 107.

413 3767 455 3836 (2)
474 3767 531 3818 Hoc
557 3765 709 3819 adverbium
741 3765 768 3818 in
796 3767 885 3818 locum

377 3851 487 3905 sortasse
515 3851 621 3904 alterius
650 3853 733 3920 (puta,
758 3849 884 3915 similiter)

377 3936 510 4006 irrepsisse
530 3935 633 3988 videtur
652 3951 683 3987 ex
706 3935 776 3988 linea
796 3935 884 3987 subse·

377 4020 467 4091 quenti
482 4022 515 4072 ad
530 4019 640 4072 modum
659 4018 829 4072 correctionis
845 4020 884 4071 in-

377 4104 533 4158 terlinearis.
596 4103 722 4156 Ceterum
755 4103 817 4173 quid
851 4103 884 4156 sit

381 4171 583 4259 «ignorantiam
603 4188 754 4258 spiritaliter
776 4188 884 4240 exsiste-

972 3179 1014 3245 (3)
1028 3177 1047 3230 Ι.
1057 3194 1079 3230 e.
1091 3177 1179 3230 emissi
1189 3177 1356 3249 Monogenis.
1388 3177 1446 3230 lloc

935 3261 1006 3315 idem
1032 3261 1108 3315 aliter
1126 3262 1159 3315 de
1177 3262 1235 3332 ipso
1262 3262 1363 3315 mundo
1381 3261 1448 3314 scite

936 3346 1051 3398 ostendit
1069 3347 1211 3400 Ptorruus
1230 3347 1260 3415 (l.
1277 3363 1299 3399 c.
1327 3361 1355 3413 17
1373 3344 1446 3410 fini:

940 3430 1065 3494 «Quibus
1074 3430 1264 3500 perfectionem
1274 3430 1390 3484 abinitio
1400 3449 1447 3484 na·

940 3527 1021 3569 utura
1040 3533 1094 3569 non
1114 3515 1186 3568 dedit
1205 3515 1245 3568 his
1264 3513 1332 3568 forte
1350 3515 1447 3568 accidit

940 3596 996 3648 trad
1009 3595 1090 3648 finem
1103 3596 1215 3648 minime
1224 3595 1362 3665 pervenire
1376 3596 1448 3648 ideo·

943 3700 957 3730 r<
966 3698 1016 3750 que
1027 3698 1107 3751 prava
1117 3679 1173 3733 fieri
1184 3691 1302 3751 possunt.
1337 3681 1373 3732 At
1384 3697 1449 3733 vero

942 3765 1129 3818 «mundonon
1139 3763 1296 3835 contigit,ut
1306 3765 1449 3836 aliquando

942 3849 1038 3919 «quasi
1054 3865 1118 3918 puer
1133 3860 1211 3910 esset,
1229 3860 1308 3919 atque
1327 3848 1449 3902 nondum

941 3933 1103 4003 «perfectus,
1121 3950 1206 4004 neque
1225 3945 1362 4003 tamquam
1383 3934 1449 3986 ulte·

941 4019 1017 4071 «rius
1043 4018 1223 4090 progredienti
1254 4017 1355 4071 mundo
1384 4019 1450 4072 novi

941 4103 1107 4174 «quidquam
1122 4103 1218 4156 coaluit
1231 4115 1280 4156 etc.
1291 4124 1316 4156 u.
1354 4101 1408 4156 cfr.
1424 4115 1451 4156 et

939 4187 968 4256 55
992 4173 1013 4252 i,
1032 4203 1071 4240 12.
