3274 5100
343 429 406 496 332
631 429 759 476 lacunar
783 431 942 477 anvausus
966 431 1122 477 Haereses
1270 429 1408 499 [t'11,·3-5

340 647 448 692 rursus
468 623 579 704 bonos,
599 640 629 689 et
648 625 795 690 Aeonum
820 626 962 712 ipsorum
985 615 1150 692 ostendere
1168 625 1245 691 tales
1264 623 1412 692 differen-

340 733 413 811 tias3
429 747 459 797 et
474 730 629 820 quosdam
652 729 780 819 quidem
799 754 837 796 ex
856 732 931 820 ipsis
955 748 1064 798 natura
1080 729 1181 798 bonos
1196 731 1299 800 dicere
1315 734 1413 799 emis-

341 861 405 920 εοε,
421 836 575 926 quosdam
591 852 697 903 autem
713 852 822 903 natura
839 838 951 919 malos,
964 855 997 903 ut
1012 839 1160 926 imaginis
1177 838 1305 906 illorum
1322 839 1413 906 adin-

341 945 448 1010 ventio
471 966 648 1032 congruens
671 961 753 1010 esset
771 943 943 1010 Aeonibus.
989 944 1102 1012 Adhuc
1126 961 1230 1011 autern
1258 948 1411 1034 quoniam

342 1052 374 1116 in
398 1049 518 1116 mundo
542 1049 636 1115 altera
659 1048 787 1138 quidem
813 1039 893 1116 sunt¹
913 1067 1085 1132 mansueta,
1109 1050 1203 1117 altera
1230 1074 1307 1118 vero
1334 1051 1411 1134 fera,

342 1173 373 1222 et
401 1155 555 1244 quaedam
585 1154 713 1243 quidem
744 1179 809 1221 non
841 1158 996 1238 nocentia,
1023 1157 1176 1244 quaedam
1204 1159 1348 1224 nocentia
1378 1175 1412 1224 et

343 1261 537 1349 reliquorum
560 1263 810 1348 corrumpentia3
834 1279 864 1327 et
887 1262 1039 1350 quaedam
1062 1263 1190 1350 quidem
1221 1282 1413 1352 superterre-

341 1372 427 1453 stria,
450 1369 602 1460 quaedam
626 1370 780 1460 aquatilia,
803 1370 955 1458 quaedam
979 1371 1129 1453 volatilia,
1155 1370 1308 1459 quaedam
1341 1395 1414 1438 cae-

342 1478 445 1544 lestia:
470 1477 613 1543 similiter
643 1494 674 1542 et
696 1479 822 1544 Aeonas
854 1476 1018 1545 ostendere
1049 1477 1162 1545 debent
1191 1478 1269 1545 tales
1296 1478 1412 1545 habere

343 1582 535 1666 affectiones,
559 1585 586 1649 si
608 1583 736 1672 quidem
767 1583 843 1650 haec
871 1585 999 1650 illorum
1032 1585 1185 1672 imagines
1209 1601 1291 1650 sunt.
1340 1585 1414 1650 «Et

349 1691 490 1779 «ignis»
511 1707 616 1756 autem
637 1707 821 1772 «aeternus,
841 1714 936 1778 quern
959 1692 1152 1779 praeparauit
1171 1692 1262 1758 Pater
1284 1689 1413 1758 diabolo

349 1824 364 1859 a
377 1814 407 1863 et
426 1798 545 1884 angelis
565 1799 631 1863 eius
646 1797 713 1879 u,(¹)
736 1799 824 1863 cuius
843 1820 955 1864 eorum
974 1799 1027 1886 qui
1047 1815 1119 1864 sunt
1138 1821 1265 1864 rursum
1284 1800 1413 1864 Aeones

343 1906 450 1994 imago
473 1905 513 1970 sit
536 1905 731 1992 interpretari
759 1904 889 1972 debent:
914 1922 945 1970 et
972 1906 1038 1992 ipse
1065 1907 1148 1971 enim
1173 1907 1206 1971 in
1230 1904 1413 1972 conditione

343 2028 534 2077 numeratur.

411 2139 441 2202 4.
467 2116 570 2206 [WH.
598 2117 652 2199 VI,
677 2117 721 2208 2].
768 2118 800 2184 Si
824 2137 928 2184 autem
953 2119 1192 2205 excogitationis
1203 2118 1236 2170 (ἢ
1264 2117 1329 2182 eius
1357 2119 1414 2206 qui

344 2247 452 2311 passus
472 2241 518 2291 est
537 2226 656 2291 Aeonis
680 2225 783 2292 dicent
806 2226 959 2313 imagines
984 2225 1058 2290 haec
1082 2249 1161 2307 esse,
1179 2227 1318 2312 primum
1342 2226 1416 2313 qui-

343 2329 416 2396 dem
451 2331 546 2419 impie
580 2347 673 2419 agent
707 2332 855 2398 adversus
887 2349 1021 2397 matrem
1059 2355 1159 2413 suam,
1190 2335 1345 2398 malarum
1381 2349 1414 2397 et

345 2435 595 2525 corruptibilium
625 2439 800 2526 imaginum
833 2439 1032 2504 initiatricem
1063 2461 1131 2504 esse
1160 2461 1230 2504 eam
1261 2437 1412 2506 dicentes

344 2542 465 2610 Deinde
496 2561 600 2609 autem
626 2567 763 2633 eaquae
789 2562 861 2610 sunt
893 2544 1001 2626 multa,
1026 2561 1055 2610 et
1079 2543 1254 2625 dissimilia,
1277 2561 1307 2610 et
1334 2568 1413 2610 con-

343 2653 436 2716 traria
467 2667 586 2732 natura,
609 2674 749 2738 quonam
783 2651 879 2718 niodo
911 2653 1004 2717 unius
1035 2667 1065 2716 et
1093 2649 1233 2718 eiusdem
1264 2653 1413 2739 imaginis

344 2759 456 2824 erunt?
507 2759 545 2823 Et
575 2759 600 2823 si
624 2758 811 2824 Pleromatis
839 2759 967 2846 angelos
1001 2758 1117 2824 multos
1148 2781 1216 2824 esse
1243 2758 1357 2838 dicent,
1381 2776 1413 2826 et

344 2864 459 2930 horum
490 2864 541 2930 illa
572 2886 650 2951 quae
681 2885 751 2930 sum
785 2866 893 2946 multa,
918 2867 1072 2952 imagines
1103 2889 1182 2944 esse,
1209 2888 1267 2931 nec
1297 2866 1342 2930 sic
1366 2867 1414 2931 eis

344 2969 497 3036 constabit
521 2973 609 3036 ratio
657 2972 765 3036 Primo
789 2973 874 3037 enim
899 2970 1088 3037 differentias
1107 2971 1293 3039 Pleromatis
1318 2993 1413 3058 ange-

344 3076 449 3142 lorum
469 3079 639 3143 contrarias
659 3080 795 3143 invicem
814 3077 927 3144 debent
946 3078 1121 3158 ostendere,
1140 3077 1412 3165 quemadmodum

345 3203 375 3250 et
399 3183 591 3250 subiacentes
619 3187 771 3272 imagines
802 3186 974 3251 contrariae
1006 3202 1132 3251 naturae
1160 3185 1296 3250 invicem
1328 3202 1412 3250 sunt.

345 3291 466 3358 Deinde
482 3309 587 3357 autem
603 3316 700 3379 quum
718 3295 779 3359 sint
799 3293 889 3359 multi
905 3310 936 3358 et
951 3292 1195 3360 innumerabiles
1214 3293 1294 3359 circa
1315 3291 1415 3358 lacto-

346 3421 413 3463 rem
425 3399 457 3451 (³)
476 3399 587 3486 angeli,
607 3398 874 3488 quemadmodum
895 3423 1006 3465 omnes
1026 3398 1215 3466 confitentur
1234 3398 1414 3487 prophetae,

352 3505 458 3572 «dena
482 3505 578 3570 millia
602 3505 719 3571 denum
748 3505 883 3572 millium
909 3507 1052 3572 assistere
1075 3507 1114 3585 ei,
1138 3521 1168 3572 et
1192 3505 1292 3571 multa
1316 3505 1414 3571 millia

382 3659 424 3726 (1)
443 3658 554 3710 Marsa.
574 3657 660 3720 XXV,
678 3673 722 3722 41.
761 3656 853 3710 Varie·
906 3671 947 3712 ter
956 3659 989 3712 de
1001 3658 1062 3728 igne
1076 3657 1190 3728 loquitur
1203 3655 1320 3709 Piorru.
1331 3657 1348 3709 l.
1361 3673 1415 3722 ca

346 3757 386 3796 tas
401 3759 499 3813 «quem
509 3743 675 3812 praeparavit
685 3742 782 3795 Pater»
793 3744 853 3796 loco
906 3742 952 3796 lin.

350 3849 363 3876 u
374 3828 417 3898 qni
431 3839 536 3897 paratus
550 3839 588 3880 est
599 3847 612 3875 u
628 3838 733 3880 tantum
747 3827 774 3878 in
784 3844 851 3880 vers.
943 3825 985 3896 (2)
1006 3827 1196 3893 Ἐνθυμήσεως
1220 3841 1287 3896 quae
1311 3824 1347 3877 ita
1369 3841 1415 3894 pa-

347 3930 400 3984 syr.
414 3912 554 3964 invenitur.
568 3942 602 3950 -
615 3910 778 3964 Sarclrastice
789 3928 853 3964 vero
908 3911 970 3963 riter
990 3911 1064 3976 alias,
1085 3927 1109 3963 v.
1130 3927 1154 3980 g.
1174 3908 1195 3973 1,
1214 3923 1254 3974 111,
1275 3923 1302 3974 4,
1323 3925 1349 3978 p.
1371 3923 1416 3978 94,

347 3995 415 4049 iren.
431 3997 583 4066 saepissime
599 3996 631 4047 ad
646 3996 709 4047 talia
722 3996 852 4065 exempla,
907 3995 1030 4048 redditur.

347 4097 413 4150 quae
432 4078 518 4132 futura
538 4079 732 4132 haereticorum
752 4078 804 4131 sata
824 4080 852 4130 in
942 4081 984 4148 (3)
999 4077 1018 4130 l.
1032 4095 1054 4130 e.
1068 4077 1243 4146 Demiurgum
1255 4088 1282 4128 ut
1292 4075 1415 4130 Gnostici

347 4178 465 4218 mentem
480 4176 605 4217 revocent
621 4175 757 4234 provocat.
796 4165 852 4216 Ali·
908 4174 1055 4215 autumant.
