3288 5060
340 428 402 493 228
628 445 755 491 raanan
779 444 939 491 anvnasus
962 443 1118 489 πιετεεεε
1189 439 1404 510 [xlx,1-xx,1

1330 544 1405 552 ——.

335 658 419 708 tem:
448 641 569 708 «Israel
594 657 697 708 autem
723 663 858 708 menon
881 639 1043 728 cognovit,
1066 655 1097 705 et
1120 639 1254 728 populus
1271 663 1322 706 me
1339 661 1406 707 non

337 775 353 812 ι(
368 748 562 824 intellexit»,
576 745 741 814 invisibilis
758 746 852 834 Bythi
876 747 1086 834 ignorantiam
1109 743 1225 812 dixisse
1248 763 1406 834 coaptant.

335 855 373 921 Et
396 857 429 920 in
453 854 540 923 Osee
563 853 646 942 quod
666 852 864 920 dictumest:
884 879 900 916 a
914 853 990 920 Non
1002 869 1049 918 est
1061 853 1093 918 in
1105 853 1150 918 eis
1163 853 1286 934 veritas,
1303 876 1406 940 neque

339 961 485 1049 «agnitio
505 961 609 1040 Dei»,
625 959 657 1024 in
673 958 733 1025 boc
747 958 830 1026 idem
846 951 973 1026 tendere
985 975 1148 1026 conantur.
1160 959 1194 1012 (Ι)
1240 959 1278 1025 Et
1300 960 1406 1026 «Non

336 1084 413 1134 «est
431 1067 607 1154 intelligens
626 1083 678 1132 aut
694 1065 855 1154 requirens
872 1066 996 1131 Deum:
1021 1087 1134 1132 omnes
1158 1064 1404 1146 declinaverunt,

335 1201 351 1238 a
367 1174 459 1241 simul
484 1173 608 1240 inutiles
622 1171 692 1238 lacti
705 1187 778 1238 sunt
790 1173 856 1253 ›>‚(²l
874 1173 906 1238 in
923 1171 1018 1258 Bytlai
1030 1172 1205 1260 ignorantia
1229 1193 1402 1260 apponunt.

333 1283 372 1349 Et
394 1304 449 1370 per
471 1282 609 1367 Moysen
640 1295 744 1346 autem
775 1278 910 1346 dictum:
945 1280 1082 1347 «Nemo
1104 1278 1222 1346 videbit
1245 1281 1351 1345 Deum
1372 1297 1403 1346 et

338 1391 451 1457 «vivet
465 1388 538 1470 »,(³)
553 1389 586 1453 in
603 1387 692 1453 illum
709 1385 821 1453 babere
841 1385 970 1452 suadent
990 1385 1184 1454 relationem.

399 1515 429 1562 2.
444 1496 483 1561 Et
498 1493 716 1561 fabricatorem
728 1493 762 1546 (4)
783 1492 910 1582 quidem
935 1515 952 1558 a
975 1492 1136 1582 prophetis
1152 1495 1258 1560 visum
1273 1493 1400 1561 dicunt:

329 1601 406 1671 illud
429 1617 534 1668 autem
557 1599 640 1688 quod
661 1602 812 1688 scriptum
837 1617 894 1680 est,
924 1627 939 1663 a
952 1623 1048 1667 nemo
1083 1597 1199 1667 videbit
1231 1602 1337 1668 Deum
1370 1618 1401 1668 et

331 1737 348 1773 «
363 1711 447 1776 vivet
460 1735 491 1790 υ,
507 1706 546 1774 de
569 1704 718 1773 invisibili
742 1704 959 1794 magnitudine
993 1723 1024 1773 et
1058 1709 1218 1796 incognita
1250 1707 1401 1775 omnibus

327 1814 448 1882 dictum
472 1814 593 1880 volunt.
640 1813 697 1902 (Et
718 1813 914 1902 quonimus>
935 1811 1063 1902 quidem
1079 1811 1119 1880 de
1135 1814 1283 1881 invisibili
1308 1817 1401 1882 Patre

328 1921 444 1989 factore
468 1923 613 1988 omnium
643 1919 762 1987 dictum
794 1935 840 1986 est
866 1942 993 1986 anemo
1015 1917 1133 1988 videbit
1155 1921 1306 2004 Deum»,
1329 1945 1402 1990 om-

327 2022 419 2092 nibus
443 2022 535 2092 nobis
559 2021 763 2090 manifestum
786 2038 850 2088 est:
869 2024 1020 2110 quoniam
1044 2041 1149 2090 autem
1173 2047 1238 2090 non
1268 2023 1306 2092 de
1326 2026 1400 2108 hoc,

326 2177 399 2253 γοῦν
413 2169 568 2254 προφήτην
582 2167 712 2234 Ἡσαΐαν
727 2167 867 2232 εἰπόντα·
889 2193 905 2232 ιι
921 2166 1047 2254 Ἰσραὴλ
1061 2166 1094 2232 δέ
1110 2189 1149 2252 με
1165 2171 1222 2232 οὐκ
1236 2170 1326 2254 ἔγνω,
1344 2175 1400 2236 καί

328 2275 376 2340 «b
398 2275 472 2352 λαός
493 2295 533 2360 με
555 2277 591 2339 οὐ
613 2284 726 2360 συνῆκε
741 2298 769 2355 n,
794 2277 846 2358 τὴν
868 2283 922 2338 τοῦ
945 2274 1075 2358 ἀορίιτου
1106 2274 1212 2340 Baton
1244 2277 1397 2362 ἀγνωσίαν

325 2381 474 2468 εἰρηκέναι
496 2381 734 2468 μεθαρμὸζουσι.
781 2381 844 2447 Καὶ
866 2382 916 2446 διὰ
939 2379 1037 2466 Ὠσηὲ
1052 2383 1086 2445 τὸ
1102 2381 1274 2467 εἰρημένον·
1300 2408 1315 2444 a
1329 2383 1398 2449 Οὐκ

331 2489 439 2554 «ἔστιν
460 2487 494 2553 ἰν
516 2490 615 2566 αὐτοῖς
637 2487 780 2572 ἀλήθεια,
803 2488 872 2552 ουδὲ
894 2486 1053 2572 ἐπίγνωσις
1068 2485 1149 2553 Θεοῦ
1161 2513 1193 2571 υ,
1209 2489 1251 2567 εἰς
1269 2493 1304 2554 τὸ
1322 2493 1396 2555 αὐτὸ

324 2594 482 2660 συντείνειν
502 2594 663 2681 βιάζονται.
703 2594 765 2660 Καί
782 2597 817 2659 τὸ
832 2619 848 2656 ι
863 2592 930 2659 Οὐκ
944 2594 1026 2658 ἔστιν
1048 2595 1065 2658 ὁ
1087 2596 1241 2680 anatona
1260 2596 1395 2681 ἐκζητῶν

326 2727 342 2764 (ι
357 2705 407 2766 τὸν
429 2699 526 2766 Θεον·
549 2701 658 2778 πάντες
672 2699 837 2784 ἐξέκλιναν,
853 2703 917 2784 ἅμα
932 2699 1147 2786 ἠχρειὼἀησαν
1158 2726 1190 2784 a,
1207 2703 1257 2766 ἐπί
1271 2713 1325 2786 της
1339 2713 1395 2768 τοῦ

324 2808 429 2874 Bana
447 2807 597 2892 ἀγνωσίας
614 2806 763 2872 τάττουσι.
811 2805 874 2871 Καί
887 2810 922 2871 τὸ
937 2807 986 2870 διὰ
1001 2805 1155 2884 Μωυσέως
1168 2807 1203 2872 δὲ
1217 2808 1392 2894 εἰρημένω·

325 2941 341 2978 «
356 2913 462 2991 Οὐδείς
484 2913 589 2997 ὄψεται
606 2917 657 2978 τὸν
675 2912 763 2995 Θεὸν,
782 2914 835 2977 καὶ
852 2912 975 2996 ζήσεται
987 2937 1019 2996 a,
1035 2913 1077 2991 εἰς
1096 2913 1211 2978 ἐκεῖνον
1230 2915 1313 3000 ἔχειν
1331 2917 1394 2980 πεί-

322 3021 413 3086 bonor
435 3021 489 3105 την
511 3019 674 3104 ἀναφοράν.

391 3146 421 3192 2.
445 3127 508 3192 Τὸν
523 3129 578 3213 μὲν
591 3129 651 3213 γάρ
666 3129 791 3213 παηιην
805 3123 1061 3211 (ἐπιψευδόμενοι)
1079 3127 1138 3192 ὑπὸ
1156 3136 1215 3193 τῶν
1232 3139 1394 3215 προφητῶν

322 3233 478 3319 ἑωρᾶσθαι
506 3232 646 3319 λέγουσι·
675 3237 709 3298 τὸ
732 3232 759 3297 δ’
789 3234 913 3311 «ουδεὶς
935 3232 1040 3316 οψεται
1063 3237 1115 3298 τὸν
1138 3232 1226 3316 Θεὸν,
1258 3237 1311 3300 ml
1340 3235 1391 3317 ζη-

324 3361 482 3423 «σεται»,
502 3342 569 3425 περὶ
587 3349 640 3404 τοῦ
658 3339 787 3425 ἀοράτου
806 3339 957 3426 μεγέθους
973 3341 1026 3405 καί
1040 3339 1199 3424 ἀγνώστου
1221 3351 1281 3419 τοῖς
1299 3351 1391 3407 πᾶσιν

322 3447 462 3533 εἰρῆσθαι
483 3447 620 3512 θέλουσι.
668 3445 749 3536 (Καί
763 3449 808 3511 ὅτι
823 3449 878 3530 μὲν
897 3449 966 3532 περὶ
984 3455 1036 3511 τοῦ
1055 3447 1183 3532 ἀοράτου
1202 3446 1321 3532 nataae
1337 3451 1392 3514 καί

321 3563 444 3642 ποιητοῦ
463 3563 522 3618 τῶν
540 3554 620 3619 ὅλων
637 3555 748 3639 εῐρηται
767 3558 801 3618 τὸ
821 3555 944 3630 «οὐδεὶς
966 3554 1071 3637 ὄψεται
1089 3557 1141 3619 τὸν
1160 3553 1239 3619 Θεὸν
1254 3579 1282 3637 ν,
1299 3566 1391 3620 πᾶσιν

320 3663 391 3748 ἡμῖν
412 3661 539 3748 φανερόν
562 3662 659 3726 ἐστιν·
682 3663 726 3725 ὅτι
753 3661 787 3724 δὲ
812 3663 848 3725 οὔ
874 3663 1019 3746 περὶτοῦ
1046 3661 1105 3725 ὑπὸ
1132 3661 1242 3725 τουτων
1264 3683 1389 3747 παρεπι-

357 3821 400 3890 (1)
419 3822 481 3875 Ism.
501 3821 521 3885 Ι,
544 3835 571 3888 3;
587 3819 651 3873 Osa.
672 3819 718 3885 IV,
740 3837 762 3874 1.
881 3831 908 3874 et
927 3833 984 3888 155.

355 3909 398 3976 (2)
417 3904 471 3960 Cfr.
492 3906 532 3960 Ps.
552 3904 625 3970 XIV,
647 3920 658 3975 3
686 3905 766 3974 (LIII,
784 3910 825 3972 η),
917 3906 959 3974 (5)
975 3903 1050 3957 Hanc
1069 3903 1207 3974 periodum
1227 3903 1296 3958 Iren.
1315 3904 1388 3958 addit

319 4003 347 4044 et
366 3990 440 4044 Rom.
461 3990 507 4055 III,
530 4006 570 4054 11,
593 4005 633 4042 12.
880 4005 913 4042 ex
938 3988 1070 4042 catholico
1095 4003 1173 4040 sensu
1198 3999 1226 4041 ut
1249 4003 1281 4041 ex
1307 3989 1388 4042 verbo

355 4077 394 4144 (3)
415 4074 464 4128 Ex.
484 4074 609 4139 XXXIII,
630 4089 671 4128 20.
883 4073 1014 4128 «noble»
1041 4085 1069 4126 nt
1088 4089 1121 4127 ex
1145 4085 1271 4126 contextu
1299 4075 1385 4144 palam

354 4160 396 4228 (4)
415 4159 434 4212 I.
448 4177 471 4212 e.
484 4159 652 4229 Demiurgus.
690 4157 723 4213 V.
737 4175 762 4230 p.
777 4171 822 4226 123
880 4156 917 4210 lit.
