3238 5090
355 461 418 545 448
634 479 763 525 munau
786 479 946 526 aovausus
970 479 1126 526 uaeussus
1255 476 1353 546 [xxx.
1375 480 1429 545 34³

356 693 489 760 persua
513 671 654 759 ipsorum
678 671 803 758 propria
827 668 994 736 mendaces
1017 692 1072 736 eos
1096 669 1278 758 arguentes)
1301 693 1357 736 usa
1381 688 1431 736 est

358 777 429 860 hoc,
452 795 487 845 ut
509 777 628 856 dicunt,
651 775 688 843 ad
714 775 888 842 faciendam
911 777 1083 864 imaginem
1108 798 1219 842 eorum
1245 797 1324 863 quae
1348 777 1431 842 intra

358 885 505 950 Pleroma
528 899 611 965 sunt,
626 899 657 949 et
672 882 948 969 contemplationis
964 883 1126 949 universae
1142 905 1238 971 quam
1254 882 1332 948 uidit
1347 885 1432 949 circa

357 991 569 1070 Salvatorem3
597 1007 759 1076 tamquam
788 988 918 1054 meliore
942 987 1013 1070 hoc,
1042 1005 1072 1056 et
1101 987 1282 1077 aptabiliore
1314 989 1351 1055 ad
1384 988 1433 1056 fa·

358 1096 499 1164 ciendam
523 1098 716 1164 voluntatem
736 1119 826 1163 suam
841 1118 896 1183 per
911 1119 996 1178 eum,
1012 1119 1067 1162 usa
1087 1113 1150 1163 est:
1167 1111 1326 1162 tantorum
1344 1097 1431 1162 euim

358 1205 512 1292 imagines
535 1224 733 1291 nequaquam
755 1225 810 1290 per
833 1200 1025 1284 inferiorem,
1042 1200 1096 1269 sed
1119 1225 1174 1289 per
1193 1201 1360 1268 meliorem
1376 1201 1433 1268 de·

360 1309 559 1377 formavit.(¹)
617 1329 618 1334 ¹

427 1439 458 1502 4.
483 1417 658 1498 Quournu'
672 1436 741 1482 uou
758 1435 813 1480 nsr
829 1433 1017 1494 vnursruuu,
1034 1433 1094 1480 uos
1109 1435 1236 1488 Qurosu
1255 1435 1434 1481 saturatus

362 1543 440 1604 assu,
453 1523 658 1590 Duururouu
671 1541 783 1586 rursu
796 1540 974 1586 nuruausu.
1023 1519 1117 1585 Erant
1129 1521 1215 1586 enim
1228 1537 1258 1586 et
1270 1521 1329 1608 ipsi
1345 1537 1433 1601 tunc,

360 1630 439 1696 sicut
462 1628 521 1716 ipsi
544 1625 661 1708 dicunt,
685 1627 867 1692 exsistentes
886 1626 1051 1712 conceptio
1084 1625 1229 1712 spiritalis
1256 1623 1432 1691 secundum

361 1735 660 1822 contemplationem
683 1755 795 1800 eorum
818 1732 871 1820 qui
895 1754 968 1820 erga
993 1731 1171 1798 Pandoram
1194 1747 1266 1798 sunt
1284 1731 1433 1798 satellites

361 1841 514 1929 dispositi.
561 1840 599 1906 Et
616 1838 646 1904 hi
667 1837 794 1926 quidem
809 1839 899 1904 vacui
908 1838 941 1892 (²)
958 1837 1206 1925 perseverabant,
1218 1836 1294 1903 nihil
1308 1860 1361 1926 per
1377 1860 1434 1904 eos

363 1947 542 2036 perficiente
566 1963 681 2024 matre3
705 1944 756 2011 vel
780 1967 835 2032 per
854 1944 1051 2012 Salvatorem
1075 1943 1194 2010 inutilis
1215 1944 1390 2032 conceptio,
1401 1944 1437 1998 (³)

362 2072 393 2120 et
412 2051 448 2120 ad
469 2053 602 2120 nihilum
617 2069 696 2140 apta,
713 2051 792 2118 nilril
808 2053 893 2116 enim
912 2073 966 2139 per
982 2073 1037 2117 eos
1053 2066 1179 2139 apparet
1194 2049 1321 2117 factum.
1365 2051 1433 2132 Qui

362 2174 466 2224 autem
491 2159 626 2224 emissus
650 2175 697 2224 est
720 2156 893 2223 secundum
917 2179 973 2223 eos
996 2156 1094 2238 Deus,
1110 2154 1239 2222 inferior
1257 2157 1333 2243 ipsis
1352 2157 1436 2222 exsi-

362 2281 446 2330 stens
471 2264 643 2332 secundum
667 2265 972 2352 argumentationem
997 2284 1109 2328 eorum
1136 2261 1321 2350 (animalem
1346 2263 1433 2328 enim

363 2394 436 2436 eunr
461 2394 529 2436 esse
552 2371 690 2462 volunt),
710 2374 742 2436 in
762 2371 869 2437 omnia
889 2385 1045 2457 operator,
1064 2385 1094 2434 et
1110 2367 1230 2447 efficax,
1246 2385 1277 2434 et
1292 2366 1436 2456 aptabilis

363 2471 431 2559 luit,
456 2479 500 2547 uti
524 2501 576 2564 per
600 2501 673 2544 eum
697 2478 843 2543 omnium
866 2476 1019 2564 imagines
1037 2474 1161 2540 fierent:
1182 2491 1212 2540 et
1227 2497 1292 2541 non
1310 2491 1434 2540 tantum

363 2610 442 2674 quae
464 2584 608 2651 videntur
636 2583 723 2668 haec,
747 2582 801 2650 sed
832 2599 862 2650 et
885 2580 1062 2662 invisibilia,
1086 2581 1210 2670 Angeli,
1233 2581 1435 2668 Archangeli,

277 2715 281 2724 ·
364 2694 617 2773 DominationeS‚
641 2692 824 2772 Potestates,
848 2707 878 2756 et
896 2690 1036 2756 Virtutes
1051 2711 1106 2776 per
1122 2688 1205 2754 hunc
1228 2690 1334 2754 omnia
1356 2687 1436 2754 facta

287 2851 292 2858 -
365 2818 447 2881 sunt,
470 2800 614 2867 videlicet
636 2799 722 2865 uelut
744 2821 798 2886 per
823 2797 1001 2876 meliorem,
1024 2795 1129 2884 etqui
1159 2796 1258 2882 possit
1280 2795 1434 2861 voluntati

365 2905 531 2973 deservire.
588 2905 676 2972 Nihil
700 2921 806 2970 autem
830 2926 884 2990 per
915 2901 974 2968 hos
998 2917 1132 2968 matrem
1156 2915 1281 2988 apparet
1314 2900 1436 2981 fecisse,

365 3011 635 3102 quemadmodum
658 3029 689 3076 et
711 3011 769 3098 ipsi
794 3005 1000 3088 confitentur;
1024 3007 1069 3072 uti
1091 3007 1171 3072 iuste
1199 3007 1268 3094 quis
1292 3007 1438 3072 aestimet

366 3144 420 3186 eos
444 3119 590 3186 abortum
615 3117 710 3184 luisse
741 3117 822 3182 male
847 3116 993 3202 parientis
1018 3114 1127 3179 matris
1150 3113 1302 3200 ipsorum.
1360 3111 1437 3178 Non

366 3230 451 3294 enim
475 3227 658 3293 obstetrices
681 3248 751 3290 eam
781 3221 1073 3300 obstetricaverunt,
1104 3236 1135 3286 et
1165 3235 1326 3308 propterea
1350 3220 1437 3286 velut

367 3333 511 3400 abortum
535 3332 664 3420 proiecti
688 3347 770 3411 sunt,
794 3329 826 3395 in
849 3328 984 3394 nihilum
1008 3325 1110 3407 utileS,
1142 3325 1178 3392 ad
1210 3325 1333 3392 nullum
1355 3347 1436 3413 opus

368 3441 439 3508 facti
464 3441 566 3506 matri.
613 3438 651 3504 Et
675 3453 775 3504 semet
799 3435 946 3502 meliores
969 3451 1085 3500 uocant
1107 3455 1146 3499 eo
1169 3455 1223 3521 per
1242 3454 1336 3520 quem
1352 3451 1437 3498 tanta

367 3565 396 3612 et
419 3547 490 3612 talia
514 3545 593 3612 facta
616 3561 687 3611 sunt
711 3560 741 3610 et
763 3541 923 3630 disposita,
946 3539 1073 3629 quando
1095 3557 1126 3606 et
1149 3561 1204 3627 per
1229 3561 1321 3604 suam
1342 3560 1437 3626 argu-

369 3655 593 3719 mentationem
630 3673 780 3740 perquam
815 3647 978 3715 inferiores
1014 3648 1149 3713 multum
1182 3645 1438 3711 inveniuntursso

438 3781 465 3847 5.
490 3761 537 3826 Ac
559 3758 645 3824 velut
673 3756 736 3823 duo
768 3755 955 3823 ferramenta
979 3755 1130 3843 operaria,
1153 3752 1204 3818 vel
1228 3773 1345 3840 organa
1373 3751 1438 3817 duo

405 3955 446 4022 (r)
466 3955 617 4006 ἑκτύπωσει
645 3949 690 4004 cfr.
715 3951 734 4013 1,
762 3963 830 4012 xvir,
860 3963 874 4000 2
929 3945 1031 4014 ψιςθ),
1055 3944 1071 3996 i.
1091 3959 1113 3996 e.
1133 3955 1261 4012 concepta
1280 3959 1326 4012 per
1347 3941 1438 3995 Salva-

368 4039 407 4107 (p.
430 4037 531 4108 219)‚i.
552 4052 576 4089 e.
597 4035 630 4088 de
648 4048 714 4106 typo
736 4032 872 4104 expressit.
929 4030 994 4082 toris
1013 4029 1158 4082 adventum
1179 4026 1265 4094 (I,1v,
1284 4039 1307 4092 5,
1325 4043 1350 4096 p.
1367 4028 1438 4094 104).

405 4125 446 4190 (2)
465 4121 544 4174 Vacui
561 4121 668 4190 (κένοι),
687 4119 703 4171 i.
722 4134 745 4171 e.
764 4118 842 4170 otiosi.
965 4116 1008 4183 (4)
1017 4115 1091 4180 μάλα
1099 4115 1203 4178 σφόδρα
1213 4114 1341 4175 ἐλάττους
1351 4111 1439 4179 (Hart-

404 4207 446 4274 (3)
465 4209 482 4274 ἡ
503 4209 547 4258 διὰ
564 4206 610 4257 τοῦ
631 4206 754 4269 Σωτῆρος
777 4201 875 4268 σύλλη-
929 4201 1006 4267 vau).
