3172 5044
253 411 257 420 '
343 406 383 471 68
807 423 949 468 sunonsrs

348 525 453 532 -—-—..
477 525 536 530 --.-
559 523 710 528 -.—.--—
730 523 744 528 -
780 523 966 529 ————.—
986 524 1043 529 -.-
1068 523 1338 530 —.—-.—-—.—-

341 617 549 684 caeremoniis
574 615 731 681 reducitur
749 630 828 680 tota:
846 613 1022 702 baptismati
1039 616 1090 681 vel
1109 615 1337 683 redemtionem
1359 639 1413 704 per

341 724 467 811 gnosim
488 722 538 787 vel
557 720 686 787 thalami
706 721 756 787 vel
776 720 889 786 lavacri
908 736 938 786 et
957 722 1114 787 unctionis
1130 723 1227 787 ritum
1246 745 1319 788 curn
1340 723 1413 789 lior-

342 828 446 896 rendis
471 827 616 894 formulis
640 826 813 907 sufficiunt;
837 826 974 915 haecque
997 827 1140 893 nonnulli
1160 829 1191 894 in
1216 826 1312 894 finem
1332 831 1412 895 vitae

342 937 495 1003 reiiciunt.
564 935 688 1000 Durum
721 951 827 999 tamen
851 934 997 1000 omnium
1026 933 1202 1001 describere
1226 937 1410 1016 sententias3

341 1042 454 1134 quibus
478 1065 585 1109 rursus
607 1042 648 1107 Ir.
672 1043 805 1129 opponit
828 1041 911 1131 (cap.
931 1042 1042 1132 XXII)
1067 1042 1207 1130 regulam
1234 1045 1372 1110 veritatis
1395 1068 1410 1110 a

342 1174 401 1240 qua
422 1172 521 1216 onnes
544 1146 723 1216 deflectunt.

408 1363 451 1452 B)
475 1362 593 1428 anuu
617 1381 735 1436 Quraus
753 1362 966 1428 vitumnus
989 1382 1161 1428 successrr.
1230 1363 1267 1451 α)
1283 1369 1410 1430 Schola

341 1476 624 1538 siro-samarita.
690 1467 809 1534 XXIII.
830 1467 931 1534 Simon
952 1466 989 1533 ab
1009 1468 1171 1556 Apostolis
1195 1470 1328 1535 reiectus
1347 1492 1412 1535 ma·

340 1600 400 1664 gus
416 1574 567 1656 efficitur;
591 1598 659 1642 sese
679 1576 783 1642 Deum
808 1573 971 1662 profitetur
993 1576 1047 1662 qui
1072 1577 1103 1640 in
1127 1577 1218 1640 terris
1239 1577 1411 1664 apparuerit

341 1699 375 1748 ut
397 1680 549 1771 Sophiam
566 1680 734 1748 redimeret
750 1680 800 1771 (in
811 1681 931 1748 Helena
947 1681 1060 1771 socia),
1077 1683 1236 1748 actionum
1253 1683 1411 1748 moralitas

342 1787 500 1854 malorum
523 1786 720 1874 Angelorum
744 1785 916 1852 calumnia:
941 1786 1083 1874 sequelae
1114 1788 1274 1874 practicae.
1346 1789 1412 1854 Με-

342 1893 456 1960 nander
486 1893 579 1960 huius
610 1893 770 1960 doctrinae
802 1909 998 1982 propagator.
1072 1893 1194 1960 XXIV.
1226 1894 1412 1960 Saturninus

341 2001 427 2066 illam
457 2002 490 2066 in
518 2001 624 2088 paucis
655 2001 802 2066 immutat
831 2023 866 2065 ac
897 1998 1108 2066 docetismum
1140 2000 1282 2088 explicite
1309 2001 1411 2068 tradit.

342 2108 451 2173 Mores
480 2107 678 2173 asseclarum.
749 2107 782 2196 β)
806 2111 956 2173 scholae
988 2114 1242 2174 Alexandrinae
1274 2107 1412 2196 praefor-

341 2230 490 2280 matores.
560 2213 704 2280 Basilides
727 2213 924 2300 Angelorum
945 2211 1104 2279 bonorum
1123 2230 1154 2279 et
1177 2213 1336 2280 malorum
1357 2213 1413 2281 do

341 2321 474 2385 ctrinam
503 2321 730 2407 interpretatus
751 2319 937 2385 Pleromatis
963 2320 1063 2408 prima
1088 2321 1275 2386 lineamenta
1302 2321 1411 2400 tradit3

341 2448 404 2490 non
436 2426 542 2490 Iesum
566 2425 619 2493 sed
653 2427 817 2492 Simonem
844 2425 961 2511 Cyren.
986 2424 1171 2491 crucifixum
1198 2424 1304 2493 docet:
1330 2449 1412 2492 nova

340 2553 453 2619 genera
479 2533 600 2619 magiae
616 2530 652 2596 ad
673 2531 869 2618 Angelorum
891 2530 1119 2618 malignitatem
1148 2529 1325 2600 elidendam
1341 2556 1414 2621 ape-

340 2639 389 2703 rit.
463 2638 569 2704 XXV.
599 2637 790 2724 Carpocrates
820 2637 992 2723 platonicae
1018 2636 1178 2704 doctrinae
1204 2638 1243 2706 de
1274 2641 1413 2726 praeexi-

340 2746 451 2810 stentia
489 2745 665 2810 animarum
698 2745 843 2809 insistens
867 2744 899 2809 in
936 2742 992 2810 hac
1025 2760 1146 2810 tantum
1184 2743 1303 2812 Christi
1343 2747 1410 2833 puri

339 2851 478 2918 hominis
504 2853 753 2939 superioritatem
781 2853 913 2938 reponit.
976 2851 1284 2938 Metempsychosim
1307 2851 1410 2935 docet,

338 2962 484 3026 omnium
503 2960 703 3046 iniquitatum
723 2959 940 3023 seminarium.
988 2958 1169 3024 Marcellina
1186 2981 1224 3025 ex
1239 2958 1298 3024 hac
1315 2977 1408 3025 secta.

337 3075 372 3152 γ)
409 3072 661 3133 praeformatio
695 3087 849 3147 gnoseos
883 3066 914 3131 in
950 3063 1170 3131 iudaizantium
1207 3068 1408 3132 commentis.

338 3172 460 3239 XXVI.
495 3171 664 3252 Cerintlrus,
693 3187 802 3237 auctor
833 3167 992 3236 doctrinae
1022 3172 1183 3258 gnosticae
1213 3171 1252 3237 de
1283 3172 1354 3238 lesu
1380 3188 1410 3237 et

339 3279 479 3345 Christo.
528 3276 742 3344 Ebioneorum
759 3295 789 3343 et
801 3277 1028 3344 Nicolaitarum
1049 3301 1165 3344 mores.
1211 3279 1245 3368 δ)
1258 3287 1408 3346 scholae

340 3392 576 3465 Marcionitae,
592 3403 677 3472 pater
696 3385 811 3452 Cardon
829 3385 883 3472 qui
907 3387 1028 3473 primus
1052 3386 1160 3452 Deum
1182 3387 1224 3453 N.
1241 3385 1284 3451 T.
1302 3410 1319 3452 a
1339 3388 1409 3452 Deo

338 3494 379 3559 V.
405 3493 498 3580 legis
516 3492 612 3558 aliurn
636 3491 727 3558 dixit:
747 3511 857 3558 auctor
880 3514 956 3557 vero
1025 3493 1161 3558 XXVII.
1187 3487 1328 3558 Marcion
1355 3495 1408 3580 qui

337 3600 442 3666 Iesum
479 3616 587 3666 contra
623 3601 747 3665 Patrem
782 3615 974 3686 pugnantem
1005 3599 1133 3681 inducit,
1165 3599 1409 3668 Redemtionem

339 3722 447 3772 contra
468 3707 681 3786 Creationem‚
701 3706 876 3791 Scripturas
891 3727 949 3792 pro
973 3703 1072 3771 lubito
1089 3706 1198 3771 reiicit.
1257 3705 1350 3772 Hunc
1368 3705 1406 3771 lr.

338 3815 503 3902 separatim
527 3812 666 3879 refellere
690 3812 832 3899 spondet.

407 4026 451 4117 C)
475 4027 594 4092 anun
617 4047 675 4099 Qur
698 4047 793 4093 smus
817 4046 885 4092 cun
910 4027 1106 4093 Varaurrxo
1130 4047 1170 4092 aa
1195 4045 1243 4092 ms
1270 4046 1408 4092 aecana-

337 4153 434 4201 nunr.
503 4135 539 4224 a)
569 4133 719 4199 XXVIII.
764 4133 912 4200 Tatianru
939 4149 970 4198 et
994 4132 1168 4198 Encratitae
1197 4133 1344 4201 Satornili
1374 4151 1407 4200 et
