<?xml version="1.0" encoding="UTF-8"?>
<!DOCTYPE html PUBLIC "-//W3C//DTD XHTML 1.0 Transitional//EN"
    "http://www.w3.org/TR/xhtml1/DTD/xhtml1-transitional.dtd">
<html xmlns="http://www.w3.org/1999/xhtml" xml:lang="en" lang="en">
 <head>
  <title>
</title>
<meta http-equiv="Content-Type" content="text/html;charset=utf-8" />
  <meta name='ocr-system' content='tesseract 3.04.00' />
  <meta name='ocr-capabilities' content='ocr_page ocr_carea ocr_par ocr_line ocrx_word'/>
</head>
<body>
  <div class='ocr_page' id='page_1' title='image "./adversushaerese00irengoog_0459.png"; bbox 0 0 3238 5090; ppageno 0'>
   <div class='ocr_carea' id='block_1_1' title="bbox 324 475 1393 547">
    <p class='ocr_par' dir='ltr' id='par_1_1' title="bbox 324 475 1393 547">
     <span class='ocr_line' id='line_1_1' title="bbox 324 475 1393 547; baseline -0.004 -15"><span class='ocrx_word' id='word_1_1' title='bbox 324 482 390 547; x_wconf 72' lang='lat'>454</span> <span class='ocrx_word' id='word_1_2' title='bbox 613 480 741 527; x_wconf 78' lang='lat' dir='ltr'>IRENAEI</span> <span class='ocrx_word' id='word_1_3' title='bbox 760 479 920 526; x_wconf 82' lang='lat' dir='ltr'><strong>ADVERSUS</strong></span> <span class='ocrx_word' id='word_1_4' title='bbox 939 479 1095 526; x_wconf 83' lang='lat' dir='ltr'>HAERESES</span> <span class='ocrx_word' id='word_1_5' title='bbox 1119 475 1217 545; x_wconf 85' lang='lat' dir='ltr'>[XXX,</span> <span class='ocrx_word' id='word_1_6' title='bbox 1230 475 1367 546; x_wconf 78' lang='lat' dir='ltr'>9-XXXI,</span> <span class='ocrx_word' id='word_1_7' title='bbox 1383 491 1393 528; x_wconf 90' lang='lat'><em>1</em></span> 
     </span>
    </p>
   </div>
   <div class='ocr_carea' id='block_1_2' title="bbox 321 671 1397 2760">
    <p class='ocr_par' dir='ltr' id='par_1_2' title="bbox 321 671 1397 2760">
     <span class='ocr_line' id='line_1_2' title="bbox 322 671 1395 760; baseline -0.004 -20"><span class='ocrx_word' id='word_1_8' title='bbox 322 697 379 740; x_wconf 87' lang='lat' dir='ltr'>nee</span> <span class='ocrx_word' id='word_1_9' title='bbox 403 676 494 740; x_wconf 88' lang='lat' dir='ltr'>Aeon</span> <span class='ocrx_word' id='word_1_10' title='bbox 522 673 770 755; x_wconf 88' lang='lat' dir='ltr'>innominabilis,</span> <span class='ocrx_word' id='word_1_11' title='bbox 794 697 851 741; x_wconf 89' lang='lat' dir='ltr'>nec</span> <span class='ocrx_word' id='word_1_12' title='bbox 879 675 913 740; x_wconf 89' lang='lat' dir='ltr'>in</span> <span class='ocrx_word' id='word_1_13' title='bbox 935 689 1039 740; x_wconf 92' lang='lat' dir='ltr'>totum</span> <span class='ocrx_word' id='word_1_14' title='bbox 1070 671 1243 760; x_wconf 86' lang='lat' dir='ltr'>quidquam</span> <span class='ocrx_word' id='word_1_15' title='bbox 1270 693 1395 751; x_wconf 92' lang='lat' dir='ltr'>eorum,</span> 
     </span>
     <span class='ocr_line' id='line_1_3' title="bbox 321 778 1395 872; baseline -0.006 -23"><span class='ocrx_word' id='word_1_16' title='bbox 321 805 400 872; x_wconf 87' lang='lat' dir='ltr'>quae</span> <span class='ocrx_word' id='word_1_17' title='bbox 415 780 453 848; x_wconf 92' lang='lat' dir='ltr'>ab</span> <span class='ocrx_word' id='word_1_18' title='bbox 470 781 529 862; x_wconf 87' lang='lat' dir='ltr'>bis,</span> <span class='ocrx_word' id='word_1_19' title='bbox 548 799 578 848; x_wconf 94' lang='lat' dir='ltr'>et</span> <span class='ocrx_word' id='word_1_20' title='bbox 597 782 635 849; x_wconf 90' lang='lat' dir='ltr'>ab</span> <span class='ocrx_word' id='word_1_21' title='bbox 653 782 802 850; x_wconf 92' lang='lat' dir='ltr'>omnibus</span> <span class='ocrx_word' id='word_1_22' title='bbox 821 782 983 850; x_wconf 81' lang='lat' dir='ltr'>haereticis</span> <span class='ocrx_word' id='word_1_23' title='bbox 1001 779 1182 847; x_wconf 89' lang='lat' dir='ltr'>delirantur.</span> <span class='ocrx_word' id='word_1_24' title='bbox 1229 779 1290 847; x_wconf 85' lang='lat' dir='ltr'>Sed</span> <span class='ocrx_word' id='word_1_25' title='bbox 1308 778 1395 845; x_wconf 91' lang='lat' dir='ltr'>solus</span> 
     </span>
     <span class='ocr_line' id='line_1_4' title="bbox 321 885 1397 976; baseline -0.005 -21"><span class='ocrx_word' id='word_1_26' title='bbox 321 913 403 956; x_wconf 91' lang='lat' dir='ltr'>unus</span> <span class='ocrx_word' id='word_1_27' title='bbox 427 891 513 956; x_wconf 93' lang='lat' dir='ltr'>Deus</span> <span class='ocrx_word' id='word_1_28' title='bbox 537 888 712 971; x_wconf 89' lang='lat' dir='ltr'>fabricator,</span> <span class='ocrx_word' id='word_1_29' title='bbox 736 888 786 955; x_wconf 88' lang='lat' dir='ltr'>hie</span> <span class='ocrx_word' id='word_1_30' title='bbox 809 889 863 976; x_wconf 88' lang='lat' dir='ltr'>qui</span> <span class='ocrx_word' id='word_1_31' title='bbox 882 905 928 954; x_wconf 90' lang='lat' dir='ltr'>est</span> <span class='ocrx_word' id='word_1_32' title='bbox 948 910 1041 976; x_wconf 91' lang='lat' dir='ltr'>super</span> <span class='ocrx_word' id='word_1_33' title='bbox 1064 909 1196 954; x_wconf 92' lang='lat' dir='ltr'>omnem</span> <span class='ocrx_word' id='word_1_34' title='bbox 1218 885 1397 974; x_wconf 87' lang='lat' dir='ltr'>principali-</span> 
     </span>
     <span class='ocr_line' id='line_1_5' title="bbox 321 990 1394 1082; baseline -0.005 -22"><span class='ocrx_word' id='word_1_35' title='bbox 321 1011 429 1076; x_wconf 82' lang='lat' dir='ltr'>tatem,</span> <span class='ocrx_word' id='word_1_36' title='bbox 460 1011 491 1060; x_wconf 94' lang='lat' dir='ltr'>et</span> <span class='ocrx_word' id='word_1_37' title='bbox 517 1011 714 1082; x_wconf 91' lang='lat' dir='ltr'>potestatem,</span> <span class='ocrx_word' id='word_1_38' title='bbox 738 1009 768 1060; x_wconf 92' lang='lat' dir='ltr'>et</span> <span class='ocrx_word' id='word_1_39' title='bbox 799 992 1061 1073; x_wconf 87' lang='lat' dir='ltr'>dominationem,</span> <span class='ocrx_word' id='word_1_40' title='bbox 1086 1008 1116 1058; x_wconf 92' lang='lat' dir='ltr'>et</span> <span class='ocrx_word' id='word_1_41' title='bbox 1146 993 1315 1058; x_wconf 90' lang='lat' dir='ltr'>virtutem:</span> <span class='ocrx_word' id='word_1_42' title='bbox 1344 990 1394 1056; x_wconf 85' lang='lat' dir='ltr'>hic</span> 
     </span>
     <span class='ocr_line' id='line_1_6' title="bbox 323 1097 1393 1184; baseline -0.006 -17"><span class='ocrx_word' id='word_1_43' title='bbox 323 1102 425 1182; x_wconf 89' lang='lat' dir='ltr'>Pater,</span> <span class='ocrx_word' id='word_1_44' title='bbox 448 1100 498 1167; x_wconf 89' lang='lat' dir='ltr'>hic</span> <span class='ocrx_word' id='word_1_45' title='bbox 522 1100 620 1182; x_wconf 86' lang='lat' dir='ltr'>Deus,</span> <span class='ocrx_word' id='word_1_46' title='bbox 644 1100 694 1167; x_wconf 87' lang='lat' dir='ltr'>hic</span> <span class='ocrx_word' id='word_1_47' title='bbox 711 1099 864 1181; x_wconf 92' lang='lat' dir='ltr'>conditor,</span> <span class='ocrx_word' id='word_1_48' title='bbox 884 1100 935 1165; x_wconf 89' lang='lat' dir='ltr'>hic</span> <span class='ocrx_word' id='word_1_49' title='bbox 955 1097 1064 1179; x_wconf 87' lang='lat' dir='ltr'>factor,</span> <span class='ocrx_word' id='word_1_50' title='bbox 1080 1097 1129 1164; x_wconf 89' lang='lat' dir='ltr'>hic</span> <span class='ocrx_word' id='word_1_51' title='bbox 1146 1097 1322 1178; x_wconf 89' lang='lat' dir='ltr'>fabricator,</span> <span class='ocrx_word' id='word_1_52' title='bbox 1339 1099 1393 1184; x_wconf 90' lang='lat' dir='ltr'>qui</span> 
     </span>
     <span class='ocr_line' id='line_1_7' title="bbox 324 1205 1396 1294; baseline -0.005 -21"><span class='ocrx_word' id='word_1_53' title='bbox 324 1206 396 1273; x_wconf 80' lang='lat' dir='ltr'>fecit</span> <span class='ocrx_word' id='word_1_54' title='bbox 418 1231 454 1273; x_wconf 91' lang='lat' dir='ltr'>ea</span> <span class='ocrx_word' id='word_1_55' title='bbox 477 1229 531 1294; x_wconf 94' lang='lat' dir='ltr'>per</span> <span class='ocrx_word' id='word_1_56' title='bbox 554 1207 770 1294; x_wconf 86' lang='lat' dir='ltr'>semetipsum,</span> <span class='ocrx_word' id='word_1_57' title='bbox 793 1206 854 1274; x_wconf 88' lang='lat' dir='ltr'>hoc</span> <span class='ocrx_word' id='word_1_58' title='bbox 878 1223 925 1273; x_wconf 89' lang='lat' dir='ltr'>est</span> <span class='ocrx_word' id='word_1_59' title='bbox 947 1227 1002 1293; x_wconf 92' lang='lat' dir='ltr'>per</span> <span class='ocrx_word' id='word_1_60' title='bbox 1025 1205 1169 1272; x_wconf 90' lang='lat' dir='ltr'>Verbum</span> <span class='ocrx_word' id='word_1_61' title='bbox 1199 1221 1230 1272; x_wconf 93' lang='lat' dir='ltr'>et</span> <span class='ocrx_word' id='word_1_62' title='bbox 1262 1227 1315 1292; x_wconf 92' lang='lat' dir='ltr'>per</span> <span class='ocrx_word' id='word_1_63' title='bbox 1338 1205 1396 1272; x_wconf 90' lang='lat' dir='ltr'>Sa-</span> 
     </span>
     <span class='ocr_line' id='line_1_8' title="bbox 324 1312 1394 1399; baseline 0 -21"><span class='ocrx_word' id='word_1_64' title='bbox 324 1314 473 1399; x_wconf 86' lang='lat' dir='ltr'>pientiam</span> <span class='ocrx_word' id='word_1_65' title='bbox 505 1336 606 1392; x_wconf 89' lang='lat' dir='ltr'>suam,</span> <span class='ocrx_word' id='word_1_66' title='bbox 617 1313 650 1366; x_wconf 79' lang='lat'>(¹)</span> <span class='ocrx_word' id='word_1_67' title='bbox 673 1312 806 1392; x_wconf 88' lang='lat' dir='ltr'>caelum,</span> <span class='ocrx_word' id='word_1_68' title='bbox 830 1329 860 1378; x_wconf 92' lang='lat' dir='ltr'>et</span> <span class='ocrx_word' id='word_1_69' title='bbox 883 1328 1009 1392; x_wconf 88' lang='lat' dir='ltr'>terram,</span> <span class='ocrx_word' id='word_1_70' title='bbox 1033 1329 1064 1378; x_wconf 90' lang='lat' dir='ltr'>et</span> <span class='ocrx_word' id='word_1_71' title='bbox 1087 1313 1200 1392; x_wconf 81' lang='lat' dir='ltr'>maria,</span> <span class='ocrx_word' id='word_1_72' title='bbox 1227 1329 1258 1378; x_wconf 90' lang='lat' dir='ltr'>et</span> <span class='ocrx_word' id='word_1_73' title='bbox 1285 1313 1394 1378; x_wconf 87' lang='lat' dir='ltr'>omnia</span> 
     </span>
     <span class='ocr_line' id='line_1_9' title="bbox 323 1417 1394 1507; baseline 0.002 -23"><span class='ocrx_word' id='word_1_74' title='bbox 323 1442 401 1507; x_wconf 88' lang='lat' dir='ltr'>quae</span> <span class='ocrx_word' id='word_1_75' title='bbox 415 1421 446 1485; x_wconf 91' lang='lat' dir='ltr'>in</span> <span class='ocrx_word' id='word_1_76' title='bbox 459 1420 503 1485; x_wconf 87' lang='lat' dir='ltr'>eis</span> <span class='ocrx_word' id='word_1_77' title='bbox 520 1435 605 1484; x_wconf 90' lang='lat' dir='ltr'>sunt:</span> <span class='ocrx_word' id='word_1_78' title='bbox 623 1419 673 1485; x_wconf 90' lang='lat' dir='ltr'>hic</span> <span class='ocrx_word' id='word_1_79' title='bbox 689 1420 799 1499; x_wconf 91' lang='lat' dir='ltr'>iustus,</span> <span class='ocrx_word' id='word_1_80' title='bbox 813 1418 863 1485; x_wconf 88' lang='lat' dir='ltr'>bic</span> <span class='ocrx_word' id='word_1_81' title='bbox 879 1417 1037 1485; x_wconf 82' lang='lat' dir='ltr'>bonus:(²)</span> <span class='ocrx_word' id='word_1_82' title='bbox 1053 1418 1103 1484; x_wconf 89' lang='lat' dir='ltr'>hic</span> <span class='ocrx_word' id='word_1_83' title='bbox 1116 1419 1227 1507; x_wconf 89' lang='lat' dir='ltr'>estqui</span> <span class='ocrx_word' id='word_1_84' title='bbox 1245 1418 1394 1486; x_wconf 87' lang='lat' dir='ltr'>formavit</span> 
     </span>
     <span class='ocr_line' id='line_1_10' title="bbox 324 1523 1393 1615; baseline -0.001 -24"><span class='ocrx_word' id='word_1_85' title='bbox 324 1525 500 1604; x_wconf 89' lang='lat' dir='ltr'>hominem,</span> <span class='ocrx_word' id='word_1_86' title='bbox 515 1526 569 1615; x_wconf 92' lang='lat' dir='ltr'>qui</span> <span class='ocrx_word' id='word_1_87' title='bbox 587 1525 737 1613; x_wconf 87' lang='lat' dir='ltr'>plantavit</span> <span class='ocrx_word' id='word_1_88' title='bbox 761 1523 949 1613; x_wconf 83' lang='lat' dir='ltr'>paradisum,</span> <span class='ocrx_word' id='word_1_89' title='bbox 968 1527 1021 1613; x_wconf 90' lang='lat' dir='ltr'>qui</span> <span class='ocrx_word' id='word_1_90' title='bbox 1046 1523 1207 1592; x_wconf 83' lang='lat' dir='ltr'>fabricavit</span> <span class='ocrx_word' id='word_1_91' title='bbox 1226 1525 1393 1606; x_wconf 89' lang='lat' dir='ltr'>mundum,</span> 
     </span>
     <span class='ocr_line' id='line_1_11' title="bbox 324 1630 1393 1720; baseline 0 -22"><span class='ocrx_word' id='word_1_92' title='bbox 324 1634 376 1720; x_wconf 89' lang='lat' dir='ltr'>qui</span> <span class='ocrx_word' id='word_1_93' title='bbox 395 1630 550 1698; x_wconf 90' lang='lat' dir='ltr'>diluvium</span> <span class='ocrx_word' id='word_1_94' title='bbox 569 1631 700 1712; x_wconf 85' lang='lat' dir='ltr'>induxit,</span> <span class='ocrx_word' id='word_1_95' title='bbox 712 1633 764 1718; x_wconf 90' lang='lat' dir='ltr'>qui</span> <span class='ocrx_word' id='word_1_96' title='bbox 776 1633 848 1698; x_wconf 72' lang='lat' dir='ltr'>Noe</span> <span class='ocrx_word' id='word_1_97' title='bbox 864 1631 1012 1698; x_wconf 89' lang='lat' dir='ltr'>salvavit:</span> <span class='ocrx_word' id='word_1_98' title='bbox 1036 1631 1086 1697; x_wconf 90' lang='lat' dir='ltr'>hic</span> <span class='ocrx_word' id='word_1_99' title='bbox 1111 1633 1198 1698; x_wconf 92' lang='lat' dir='ltr'>Deus</span> <span class='ocrx_word' id='word_1_100' title='bbox 1221 1630 1393 1713; x_wconf 87' lang='lat' dir='ltr'>Abraham,</span> 
     </span>
     <span class='ocr_line' id='line_1_12' title="bbox 323 1737 1393 1827; baseline 0 -23"><span class='ocrx_word' id='word_1_101' title='bbox 323 1756 354 1805; x_wconf 91' lang='lat' dir='ltr'>et</span> <span class='ocrx_word' id='word_1_102' title='bbox 377 1739 464 1804; x_wconf 90' lang='lat' dir='ltr'>Deus</span> <span class='ocrx_word' id='word_1_103' title='bbox 488 1739 584 1821; x_wconf 89' lang='lat' dir='ltr'>Isaac,</span> <span class='ocrx_word' id='word_1_104' title='bbox 599 1756 630 1805; x_wconf 92' lang='lat' dir='ltr'>et</span> <span class='ocrx_word' id='word_1_105' title='bbox 646 1738 733 1804; x_wconf 87' lang='lat' dir='ltr'>Deus</span> <span class='ocrx_word' id='word_1_106' title='bbox 753 1737 856 1818; x_wconf 85' lang='lat' dir='ltr'>Iacob,</span> <span class='ocrx_word' id='word_1_107' title='bbox 877 1739 964 1804; x_wconf 91' lang='lat' dir='ltr'>Deus</span> <span class='ocrx_word' id='word_1_108' title='bbox 987 1739 1146 1820; x_wconf 91' lang='lat' dir='ltr'>vivorum,</span> <span class='ocrx_word' id='word_1_109' title='bbox 1169 1761 1266 1827; x_wconf 89' lang='lat' dir='ltr'>quem</span> <span class='ocrx_word' id='word_1_110' title='bbox 1282 1755 1313 1804; x_wconf 92' lang='lat' dir='ltr'>et</span> <span class='ocrx_word' id='word_1_111' title='bbox 1327 1739 1393 1805; x_wconf 77' lang='lat' dir='ltr'>Lex</span> 
     </span>
     <span class='ocr_line' id='line_1_13' title="bbox 323 1843 1393 1933; baseline 0.001 -23"><span class='ocrx_word' id='word_1_112' title='bbox 323 1845 495 1924; x_wconf 86' lang='lat' dir='ltr'>annuntiat,</span> <span class='ocrx_word' id='word_1_113' title='bbox 518 1868 614 1933; x_wconf 93' lang='lat' dir='ltr'>quem</span> <span class='ocrx_word' id='word_1_114' title='bbox 638 1843 805 1932; x_wconf 86' lang='lat' dir='ltr'>prophetae</span> <span class='ocrx_word' id='word_1_115' title='bbox 830 1859 1029 1933; x_wconf 83' lang='lat' dir='ltr'>praeconant,</span> <span class='ocrx_word' id='word_1_116' title='bbox 1053 1866 1149 1932; x_wconf 93' lang='lat' dir='ltr'>quem</span> <span class='ocrx_word' id='word_1_117' title='bbox 1174 1843 1322 1910; x_wconf 91' lang='lat' dir='ltr'>Christus</span> <span class='ocrx_word' id='word_1_118' title='bbox 1344 1867 1393 1911; x_wconf 88' lang='lat' dir='ltr'>re-</span> 
     </span>
     <span class='ocr_line' id='line_1_14' title="bbox 322 1949 1391 2038; baseline 0.002 -22"><span class='ocrx_word' id='word_1_119' title='bbox 322 1951 415 2032; x_wconf 88' lang='lat' dir='ltr'>velat,</span> <span class='ocrx_word' id='word_1_120' title='bbox 438 1972 533 2037; x_wconf 91' lang='lat' dir='ltr'>quem</span> <span class='ocrx_word' id='word_1_121' title='bbox 562 1951 695 2038; x_wconf 87' lang='lat' dir='ltr'>apostoli</span> <span class='ocrx_word' id='word_1_122' title='bbox 722 1949 858 2030; x_wconf 90' lang='lat' dir='ltr'>tradunt,</span> <span class='ocrx_word' id='word_1_123' title='bbox 881 1973 977 2037; x_wconf 92' lang='lat' dir='ltr'>quem</span> <span class='ocrx_word' id='word_1_124' title='bbox 1001 1949 1140 2016; x_wconf 86' lang='lat' dir='ltr'>Ecclesia</span> <span class='ocrx_word' id='word_1_125' title='bbox 1166 1949 1274 2017; x_wconf 76' lang='lat' dir='ltr'>credit</span> <span class='ocrx_word' id='word_1_126' title='bbox 1331 1952 1391 2018; x_wconf 91' lang='lat' dir='ltr'>Hic</span> 
     </span>
     <span class='ocr_line' id='line_1_15' title="bbox 323 2055 1391 2144; baseline 0 -22"><span class='ocrx_word' id='word_1_127' title='bbox 323 2057 415 2122; x_wconf 89' lang='lat' dir='ltr'>Pater</span> <span class='ocrx_word' id='word_1_128' title='bbox 437 2057 570 2122; x_wconf 87' lang='lat' dir='ltr'>Domini</span> <span class='ocrx_word' id='word_1_129' title='bbox 593 2057 693 2123; x_wconf 91' lang='lat' dir='ltr'>nostri</span> <span class='ocrx_word' id='word_1_130' title='bbox 716 2057 786 2123; x_wconf 89' lang='lat' dir='ltr'>Iesu</span> <span class='ocrx_word' id='word_1_131' title='bbox 811 2056 941 2136; x_wconf 85' lang='lat' dir='ltr'>Christi,</span> <span class='ocrx_word' id='word_1_132' title='bbox 965 2078 1020 2144; x_wconf 90' lang='lat' dir='ltr'>per</span> <span class='ocrx_word' id='word_1_133' title='bbox 1043 2055 1186 2123; x_wconf 88' lang='lat' dir='ltr'>Verbum</span> <span class='ocrx_word' id='word_1_134' title='bbox 1210 2079 1314 2134; x_wconf 90' lang='lat' dir='ltr'>suum,</span> <span class='ocrx_word' id='word_1_135' title='bbox 1337 2059 1391 2144; x_wconf 92' lang='lat' dir='ltr'>qui</span> 
     </span>
     <span class='ocr_line' id='line_1_16' title="bbox 323 2160 1389 2249; baseline 0.002 -23"><span class='ocrx_word' id='word_1_136' title='bbox 323 2177 368 2226; x_wconf 90' lang='lat' dir='ltr'>est</span> <span class='ocrx_word' id='word_1_137' title='bbox 393 2161 489 2228; x_wconf 88' lang='lat' dir='ltr'>Filius</span> <span class='ocrx_word' id='word_1_138' title='bbox 512 2162 589 2243; x_wconf 89' lang='lat' dir='ltr'>eius,</span> <span class='ocrx_word' id='word_1_139' title='bbox 602 2184 656 2249; x_wconf 93' lang='lat' dir='ltr'>per</span> <span class='ocrx_word' id='word_1_140' title='bbox 679 2185 752 2228; x_wconf 90' lang='lat' dir='ltr'>eum</span> <span class='ocrx_word' id='word_1_141' title='bbox 777 2161 931 2228; x_wconf 89' lang='lat' dir='ltr'>revelatur</span> <span class='ocrx_word' id='word_1_142' title='bbox 950 2177 980 2227; x_wconf 91' lang='lat' dir='ltr'>et</span> <span class='ocrx_word' id='word_1_143' title='bbox 996 2160 1214 2228; x_wconf 84' lang='lat' dir='ltr'>manifestatur</span> <span class='ocrx_word' id='word_1_144' title='bbox 1231 2161 1389 2243; x_wconf 90' lang='lat' dir='ltr'>omnibus,</span> 
     </span>
     <span class='ocr_line' id='line_1_17' title="bbox 321 2264 1391 2356; baseline 0.003 -24"><span class='ocrx_word' id='word_1_145' title='bbox 321 2264 434 2356; x_wconf 89' lang='lat' dir='ltr'>quibus</span> <span class='ocrx_word' id='word_1_146' title='bbox 458 2268 626 2335; x_wconf 89' lang='lat' dir='ltr'>revelatur:</span> <span class='ocrx_word' id='word_1_147' title='bbox 659 2286 855 2356; x_wconf 89' lang='lat' dir='ltr'>cognoscunt</span> <span class='ocrx_word' id='word_1_148' title='bbox 884 2269 970 2334; x_wconf 89' lang='lat' dir='ltr'>enim</span> <span class='ocrx_word' id='word_1_149' title='bbox 994 2291 1068 2334; x_wconf 93' lang='lat' dir='ltr'>eum</span> <span class='ocrx_word' id='word_1_150' title='bbox 1092 2267 1135 2350; x_wconf 92' lang='lat' dir='ltr'>hi,</span> <span class='ocrx_word' id='word_1_151' title='bbox 1159 2267 1272 2356; x_wconf 92' lang='lat' dir='ltr'>quibus</span> <span class='ocrx_word' id='word_1_152' title='bbox 1302 2292 1391 2336; x_wconf 93' lang='lat' dir='ltr'>reve-</span> 
     </span>
     <span class='ocr_line' id='line_1_18' title="bbox 321 2373 1390 2463; baseline 0.002 -22"><span class='ocrx_word' id='word_1_153' title='bbox 321 2375 432 2441; x_wconf 89' lang='lat' dir='ltr'>laverit</span> <span class='ocrx_word' id='word_1_154' title='bbox 448 2373 554 2440; x_wconf 90' lang='lat' dir='ltr'>Filius.</span> <span class='ocrx_word' id='word_1_155' title='bbox 597 2376 728 2463; x_wconf 89' lang='lat' dir='ltr'>Semper</span> <span class='ocrx_word' id='word_1_156' title='bbox 746 2391 852 2442; x_wconf 89' lang='lat' dir='ltr'>autem</span> <span class='ocrx_word' id='word_1_157' title='bbox 875 2376 1066 2440; x_wconf 89' lang='lat' dir='ltr'>coexsistens</span> <span class='ocrx_word' id='word_1_158' title='bbox 1087 2374 1184 2440; x_wconf 84' lang='lat' dir='ltr'>Filius</span> <span class='ocrx_word' id='word_1_159' title='bbox 1199 2376 1295 2458; x_wconf 88' lang='lat' dir='ltr'>Patri,</span> <span class='ocrx_word' id='word_1_160' title='bbox 1312 2377 1390 2443; x_wconf 92' lang='lat' dir='ltr'>olim</span> 
     </span>
     <span class='ocr_line' id='line_1_19' title="bbox 323 2479 1391 2569; baseline 0.002 -21"><span class='ocrx_word' id='word_1_161' title='bbox 323 2500 353 2548; x_wconf 92' lang='lat' dir='ltr'>et</span> <span class='ocrx_word' id='word_1_162' title='bbox 377 2479 414 2546; x_wconf 88' lang='lat' dir='ltr'>ab</span> <span class='ocrx_word' id='word_1_163' title='bbox 438 2480 526 2546; x_wconf 92' lang='lat' dir='ltr'>initio</span> <span class='ocrx_word' id='word_1_164' title='bbox 550 2504 673 2569; x_wconf 90' lang='lat' dir='ltr'>semper</span> <span class='ocrx_word' id='word_1_165' title='bbox 697 2481 811 2547; x_wconf 87' lang='lat' dir='ltr'>revelat</span> <span class='ocrx_word' id='word_1_166' title='bbox 835 2482 971 2562; x_wconf 88' lang='lat' dir='ltr'>Patrem,</span> <span class='ocrx_word' id='word_1_167' title='bbox 991 2497 1021 2547; x_wconf 89' lang='lat' dir='ltr'>et</span> <span class='ocrx_word' id='word_1_168' title='bbox 1046 2481 1177 2568; x_wconf 85' lang='lat' dir='ltr'>Angelis</span> <span class='ocrx_word' id='word_1_169' title='bbox 1195 2498 1225 2548; x_wconf 92' lang='lat' dir='ltr'>et</span> <span class='ocrx_word' id='word_1_170' title='bbox 1249 2483 1391 2550; x_wconf 87' lang='lat' dir='ltr'>Archan-</span> 
     </span>
     <span class='ocr_line' id='line_1_20' title="bbox 321 2585 1391 2679; baseline 0.002 -27"><span class='ocrx_word' id='word_1_171' title='bbox 321 2587 410 2676; x_wconf 83' lang='lat' dir='ltr'>gelis,</span> <span class='ocrx_word' id='word_1_172' title='bbox 429 2604 460 2654; x_wconf 90' lang='lat' dir='ltr'>et</span> <span class='ocrx_word' id='word_1_173' title='bbox 476 2585 695 2679; x_wconf 73' lang='lat' dir='ltr'>PotestatibuS,</span> <span class='ocrx_word' id='word_1_174' title='bbox 715 2604 745 2652; x_wconf 90' lang='lat' dir='ltr'>et</span> <span class='ocrx_word' id='word_1_175' title='bbox 761 2587 949 2669; x_wconf 91' lang='lat' dir='ltr'>Virtutibus,</span> <span class='ocrx_word' id='word_1_176' title='bbox 965 2603 994 2652; x_wconf 93' lang='lat' dir='ltr'>et</span> <span class='ocrx_word' id='word_1_177' title='bbox 1014 2585 1175 2669; x_wconf 77' lang='lat' dir='ltr'>omnibus,</span> <span class='ocrx_word' id='word_1_178' title='bbox 1194 2586 1307 2675; x_wconf 92' lang='lat' dir='ltr'>quibus</span> <span class='ocrx_word' id='word_1_179' title='bbox 1323 2589 1391 2655; x_wconf 92' lang='lat' dir='ltr'>vult</span> 
     </span>
     <span class='ocr_line' id='line_1_21' title="bbox 323 2694 581 2760; baseline -0.004 -1"><span class='ocrx_word' id='word_1_180' title='bbox 323 2694 460 2760; x_wconf 90' lang='lat' dir='ltr'>revelare</span> <span class='ocrx_word' id='word_1_181' title='bbox 484 2694 581 2760; x_wconf 93' lang='lat' dir='ltr'>Deus.</span> 
     </span>
    </p>
   </div>
   <div class='ocr_carea' id='block_1_3' title="bbox 322 2931 1391 3120">
    <p class='ocr_par' dir='ltr' id='par_1_3' title="bbox 322 2931 1391 3120">
     <span class='ocr_line' id='line_1_22' title="bbox 389 2931 1390 3023; baseline 0.002 -25"><span class='ocrx_word' id='word_1_182' title='bbox 389 2932 468 2998; x_wconf 78' lang='lat' dir='ltr'>Car.</span> <span class='ocrx_word' id='word_1_183' title='bbox 485 2933 608 2998; x_wconf 87' lang='lat' dir='ltr'><strong>XXXI.</strong></span> <span class='ocrx_word' id='word_1_184' title='bbox 655 2931 759 3022; x_wconf 85' lang='lat' dir='ltr'><em>[WH.</em></span> <span class='ocrx_word' id='word_1_185' title='bbox 784 2932 940 3012; x_wconf 88' lang='lat' dir='ltr'>XLVIII,</span> <span class='ocrx_word' id='word_1_186' title='bbox 958 2932 1000 3023; x_wconf 69' lang='lat' dir='ltr'>rl.</span> <span class='ocrx_word' id='word_1_187' title='bbox 1048 2934 1226 3015; x_wconf 83' lang='lat' dir='ltr'>Quonooo</span> <span class='ocrx_word' id='word_1_188' title='bbox 1243 2955 1284 3000; x_wconf 73' lang='lat' dir='ltr'>aa</span> <span class='ocrx_word' id='word_1_189' title='bbox 1300 2955 1390 3008; x_wconf 74' lang='lat' dir='ltr'>Quart</span> 
     </span>
     <span class='ocr_line' id='line_1_23' title="bbox 322 3040 1391 3120; baseline 0.001 -15"><span class='ocrx_word' id='word_1_190' title='bbox 322 3060 482 3106; x_wconf 73' lang='lat' dir='ltr'>anteusus</span> <span class='ocrx_word' id='word_1_191' title='bbox 511 3040 733 3106; x_wconf 71' lang='lat' dir='ltr'>Vtram-nun</span> <span class='ocrx_word' id='word_1_192' title='bbox 767 3059 944 3120; x_wconf 82' lang='lat' dir='ltr'>orcuvrua,</span> <span class='ocrx_word' id='word_1_193' title='bbox 969 3060 1085 3106; x_wconf 75' lang='lat' dir='ltr'>onusti</span> <span class='ocrx_word' id='word_1_194' title='bbox 1110 3059 1282 3106; x_wconf 81' lang='lat' dir='ltr'>avrururtr</span> <span class='ocrx_word' id='word_1_195' title='bbox 1309 3061 1391 3107; x_wconf 75' lang='lat' dir='ltr'>nae-</span> 
     </span>
    </p>
   </div>
   <div class='ocr_carea' id='block_1_4' title="bbox 321 3273 1389 4271">
    <p class='ocr_par' dir='ltr' id='par_1_4' title="bbox 358 3273 1389 3345">
     <span class='ocr_line' id='line_1_24' title="bbox 358 3273 1389 3345; baseline 0.002 -18"><span class='ocrx_word' id='word_1_196' title='bbox 358 3275 400 3341; x_wconf 90' lang='lat'>(1)</span> <span class='ocrx_word' id='word_1_197' title='bbox 419 3273 468 3326; x_wconf 83' lang='lat' dir='ltr'>Per</span> <span class='ocrx_word' id='word_1_198' title='bbox 486 3277 649 3345; x_wconf 78' lang='lat' dir='ltr'>semetipsum,</span> <span class='ocrx_word' id='word_1_199' title='bbox 670 3274 715 3327; x_wconf 85' lang='lat' dir='ltr'>boc</span> <span class='ocrx_word' id='word_1_200' title='bbox 732 3281 768 3327; x_wconf 80' lang='lat' dir='ltr'>esi</span> <span class='ocrx_word' id='word_1_201' title='bbox 785 3283 828 3345; x_wconf 84' lang='lat' dir='ltr'>per</span> <span class='ocrx_word' id='word_1_202' title='bbox 885 3274 973 3326; x_wconf 75' lang='lat' dir='ltr'>tritus</span> <span class='ocrx_word' id='word_1_203' title='bbox 986 3287 1034 3339; x_wconf 91' lang='lat' dir='ltr'>est,</span> <span class='ocrx_word' id='word_1_204' title='bbox 1045 3273 1225 3344; x_wconf 74' lang='lat' dir='ltr'>perspiritum</span> <span class='ocrx_word' id='word_1_205' title='bbox 1239 3287 1333 3328; x_wconf 88' lang='lat' dir='ltr'>cuncta</span> <span class='ocrx_word' id='word_1_206' title='bbox 1346 3293 1389 3329; x_wconf 92' lang='lat' dir='ltr'>or·</span> 
     </span>
    </p>

    <p class='ocr_par' dir='ltr' id='par_1_5' title="bbox 321 3357 1389 4271">
     <span class='ocr_line' id='line_1_25' title="bbox 328 3357 1389 3429; baseline 0.006 -21"><span class='ocrx_word' id='word_1_207' title='bbox 328 3357 434 3410; x_wconf 82' lang='lat' dir='ltr'>Verbum</span> <span class='ocrx_word' id='word_1_208' title='bbox 455 3364 477 3410; x_wconf 82' lang='lat' dir='ltr'>ri</span> <span class='ocrx_word' id='word_1_209' title='bbox 498 3357 650 3429; x_wconf 81' lang='lat' dir='ltr'>Sapientiam</span> <span class='ocrx_word' id='word_1_210' title='bbox 675 3359 758 3428; x_wconf 73' lang='lat' dir='ltr'>suarii]</span> <span class='ocrx_word' id='word_1_211' title='bbox 778 3359 827 3411; x_wconf 89' lang='lat' dir='ltr'>Po·</span> <span class='ocrx_word' id='word_1_212' title='bbox 886 3379 899 3408; x_wconf 80' lang='lat' dir='ltr'>r&lt;</span> <span class='ocrx_word' id='word_1_213' title='bbox 908 3359 1076 3429; x_wconf 88' lang='lat' dir='ltr'>navit‚prout</span> <span class='ocrx_word' id='word_1_214' title='bbox 1087 3357 1220 3428; x_wconf 91' lang='lat' dir='ltr'>Propheta</span> <span class='ocrx_word' id='word_1_215' title='bbox 1229 3359 1266 3411; x_wconf 85' lang='lat' dir='ltr'>ait</span> <span class='ocrx_word' id='word_1_216' title='bbox 1276 3357 1389 3414; x_wconf 85' lang='lat' dir='ltr'>“Verbo</span> 
     </span>
     <span class='ocr_line' id='line_1_26' title="bbox 321 3441 1389 3516; baseline 0.003 -22"><span class='ocrx_word' id='word_1_217' title='bbox 321 3453 425 3495; x_wconf 85' lang='lat' dir='ltr'>terame</span> <span class='ocrx_word' id='word_1_218' title='bbox 435 3443 521 3496; x_wconf 92' lang='lat' dir='ltr'>unitas</span> <span class='ocrx_word' id='word_1_219' title='bbox 531 3443 558 3495; x_wconf 91' lang='lat' dir='ltr'>in</span> <span class='ocrx_word' id='word_1_220' title='bbox 569 3441 701 3495; x_wconf 85' lang='lat' dir='ltr'>Trinitate</span> <span class='ocrx_word' id='word_1_221' title='bbox 714 3443 828 3512; x_wconf 87' lang='lat' dir='ltr'>apertius</span> <span class='ocrx_word' id='word_1_222' title='bbox 886 3443 1019 3496; x_wconf 85' lang='lat' dir='ltr'>«Domini</span> <span class='ocrx_word' id='word_1_223' title='bbox 1037 3443 1103 3496; x_wconf 85' lang='lat' dir='ltr'>caeli</span> <span class='ocrx_word' id='word_1_224' title='bbox 1119 3441 1217 3496; x_wconf 87' lang='lat' dir='ltr'>firmati</span> <span class='ocrx_word' id='word_1_225' title='bbox 1230 3455 1290 3496; x_wconf 87' lang='lat' dir='ltr'>sunt</span> <span class='ocrx_word' id='word_1_226' title='bbox 1303 3455 1329 3497; x_wconf 92' lang='lat' dir='ltr'>et</span> <span class='ocrx_word' id='word_1_227' title='bbox 1342 3461 1389 3516; x_wconf 89' lang='lat' dir='ltr'>per</span> 
     </span>
     <span class='ocr_line' id='line_1_27' title="bbox 323 3525 1389 3596; baseline 0 -17"><span class='ocrx_word' id='word_1_228' title='bbox 323 3525 425 3579; x_wconf 80' lang='lat' dir='ltr'>efferri?</span> <span class='ocrx_word' id='word_1_229' title='bbox 462 3525 516 3580; x_wconf 83' lang='lat' dir='ltr'>Cir.</span> <span class='ocrx_word' id='word_1_230' title='bbox 536 3527 581 3590; x_wconf 93' lang='lat' dir='ltr'>IV,</span> <span class='ocrx_word' id='word_1_231' title='bbox 601 3541 649 3590; x_wconf 84' lang='lat' dir='ltr'>xx,</span> <span class='ocrx_word' id='word_1_232' title='bbox 672 3543 697 3580; x_wconf 88' lang='lat' dir='ltr'>t:</span> <span class='ocrx_word' id='word_1_233' title='bbox 720 3527 828 3578; x_wconf 75' lang='lat' dir='ltr'>«Adest</span> <span class='ocrx_word' id='word_1_234' title='bbox 885 3525 1035 3596; x_wconf 76' lang='lat' dir='ltr'>«Spiritum</span> <span class='ocrx_word' id='word_1_235' title='bbox 1068 3525 1123 3578; x_wconf 89' lang='lat' dir='ltr'>eius</span> <span class='ocrx_word' id='word_1_236' title='bbox 1156 3525 1243 3578; x_wconf 90' lang='lat' dir='ltr'>omnis</span> <span class='ocrx_word' id='word_1_237' title='bbox 1279 3537 1389 3579; x_wconf 89' lang='lat' dir='ltr'>ornatus</span> 
     </span>
     <span class='ocr_line' id='line_1_28' title="bbox 325 3607 1388 3680; baseline 0.002 -18"><span class='ocrx_word' id='word_1_238' title='bbox 325 3611 421 3662; x_wconf 83' lang='lat' dir='ltr'>«enim</span> <span class='ocrx_word' id='word_1_239' title='bbox 440 3610 463 3663; x_wconf 90' lang='lat' dir='ltr'>ei</span> <span class='ocrx_word' id='word_1_240' title='bbox 483 3627 587 3680; x_wconf 87' lang='lat' dir='ltr'>semper</span> <span class='ocrx_word' id='word_1_241' title='bbox 607 3611 724 3664; x_wconf 89' lang='lat' dir='ltr'>Verbum</span> <span class='ocrx_word' id='word_1_242' title='bbox 744 3623 770 3664; x_wconf 90' lang='lat' dir='ltr'>et</span> <span class='ocrx_word' id='word_1_243' title='bbox 782 3611 828 3663; x_wconf 86' lang='lat' dir='ltr'>Sa·</span> <span class='ocrx_word' id='word_1_244' title='bbox 884 3630 899 3660; x_wconf 79' lang='lat' dir='ltr'>u</span> <span class='ocrx_word' id='word_1_245' title='bbox 909 3609 989 3679; x_wconf 86' lang='lat' dir='ltr'>[vers.</span> <span class='ocrx_word' id='word_1_246' title='bbox 1008 3626 1092 3680; x_wconf 84' lang='lat' dir='ltr'>germ.</span> <span class='ocrx_word' id='word_1_247' title='bbox 1112 3607 1211 3679; x_wconf 78' lang='lat' dir='ltr'>Morbi]</span> <span class='ocrx_word' id='word_1_248' title='bbox 1231 3609 1350 3662; x_wconf 89' lang='lat' dir='ltr'>eorum”</span> <span class='ocrx_word' id='word_1_249' title='bbox 1362 3630 1388 3664; x_wconf 74' lang='lat' dir='ltr'>u.</span> 
     </span>
     <span class='ocr_line' id='line_1_29' title="bbox 325 3691 1112 3766; baseline 0.006 -24"><span class='ocrx_word' id='word_1_250' title='bbox 325 3713 338 3743; x_wconf 81' lang='lat' dir='ltr'>u</span> <span class='ocrx_word' id='word_1_251' title='bbox 349 3695 455 3764; x_wconf 83' lang='lat' dir='ltr'>plentia‚</span> <span class='ocrx_word' id='word_1_252' title='bbox 464 3694 543 3746; x_wconf 87' lang='lat' dir='ltr'>Filius</span> <span class='ocrx_word' id='word_1_253' title='bbox 551 3708 577 3749; x_wconf 91' lang='lat' dir='ltr'>et</span> <span class='ocrx_word' id='word_1_254' title='bbox 587 3695 697 3765; x_wconf 86' lang='lat' dir='ltr'>Spiritus</span> <span class='ocrx_word' id='word_1_255' title='bbox 708 3713 753 3766; x_wconf 91' lang='lat' dir='ltr'>per</span> <span class='ocrx_word' id='word_1_256' title='bbox 763 3712 827 3766; x_wconf 90' lang='lat' dir='ltr'>quos</span> <span class='ocrx_word' id='word_1_257' title='bbox 881 3693 923 3746; x_wconf 88' lang='lat' dir='ltr'>Pr.</span> <span class='ocrx_word' id='word_1_258' title='bbox 943 3693 1068 3759; x_wconf 91' lang='lat' dir='ltr'>XXXIII,</span> <span class='ocrx_word' id='word_1_259' title='bbox 1087 3691 1112 3747; x_wconf 88' lang='lat'>6.</span> 
     </span>
     <span class='ocr_line' id='line_1_30' title="bbox 325 3769 1389 3849; baseline 0.005 -22"><span class='ocrx_word' id='word_1_260' title='bbox 325 3791 373 3831; x_wconf 91' lang='lat' dir='ltr'>«et</span> <span class='ocrx_word' id='word_1_261' title='bbox 402 3779 430 3832; x_wconf 92' lang='lat' dir='ltr'>in</span> <span class='ocrx_word' id='word_1_262' title='bbox 454 3779 547 3849; x_wconf 89' lang='lat' dir='ltr'>quibus</span> <span class='ocrx_word' id='word_1_263' title='bbox 575 3769 666 3833; x_wconf 88' lang='lat' dir='ltr'>omnia</span> <span class='ocrx_word' id='word_1_264' title='bbox 694 3781 775 3834; x_wconf 88' lang='lat' dir='ltr'>libere</span> <span class='ocrx_word' id='word_1_265' title='bbox 801 3791 827 3832; x_wconf 92' lang='lat' dir='ltr'>et</span> <span class='ocrx_word' id='word_1_266' title='bbox 917 3779 960 3848; x_wconf 86' lang='lat'>(2)</span> <span class='ocrx_word' id='word_1_267' title='bbox 973 3777 1068 3844; x_wconf 80' lang='lat' dir='ltr'>Iasius,</span> <span class='ocrx_word' id='word_1_268' title='bbox 1080 3777 1169 3848; x_wconf 81' lang='lat' dir='ltr'>bonus]</span> <span class='ocrx_word' id='word_1_269' title='bbox 1181 3778 1284 3831; x_wconf 86' lang='lat' dir='ltr'>Allusio</span> <span class='ocrx_word' id='word_1_270' title='bbox 1299 3779 1332 3832; x_wconf 87' lang='lat' dir='ltr'>ad</span> <span class='ocrx_word' id='word_1_271' title='bbox 1347 3796 1389 3832; x_wconf 88' lang='lat' dir='ltr'>at-</span> 
     </span>
     <span class='ocr_line' id='line_1_31' title="bbox 325 3861 1388 3934; baseline 0.007 -24"><span class='ocrx_word' id='word_1_272' title='bbox 325 3873 442 3932; x_wconf 83' lang='lat' dir='ltr'>«sponte</span> <span class='ocrx_word' id='word_1_273' title='bbox 455 3861 550 3915; x_wconf 83' lang='lat' dir='ltr'>fecit».</span> <span class='ocrx_word' id='word_1_274' title='bbox 588 3866 633 3926; x_wconf 78' lang='grc' dir='ltr'>Εἰς</span> <span class='ocrx_word' id='word_1_275' title='bbox 647 3866 713 3916; x_wconf 72' lang='grc' dir='ltr'><em>ἐπιδ.</em></span> <span class='ocrx_word' id='word_1_276' title='bbox 731 3877 757 3928; x_wconf 81' lang='lat'>5:</span> <span class='ocrx_word' id='word_1_277' title='bbox 771 3862 828 3914; x_wconf 84' lang='lat' dir='ltr'>«Et</span> <span class='ocrx_word' id='word_1_278' title='bbox 882 3874 1038 3934; x_wconf 88' lang='lat' dir='ltr'>gumentum</span> <span class='ocrx_word' id='word_1_279' title='bbox 1058 3879 1098 3932; x_wconf 90' lang='lat' dir='ltr'>ep.</span> <span class='ocrx_word' id='word_1_280' title='bbox 1113 3862 1261 3916; x_wconf 86' lang='lat' dir='ltr'>Ptolemaei</span> <span class='ocrx_word' id='word_1_281' title='bbox 1279 3863 1313 3916; x_wconf 90' lang='lat' dir='ltr'>ad</span> <span class='ocrx_word' id='word_1_282' title='bbox 1328 3862 1388 3917; x_wconf 90' lang='lat' dir='ltr'>Flo·</span> 
     </span>
     <span class='ocr_line' id='line_1_32' title="bbox 324 3945 1389 4018; baseline 0.007 -23"><span class='ocrx_word' id='word_1_283' title='bbox 324 3946 473 4016; x_wconf 78' lang='lat' dir='ltr'>«quoniam</span> <span class='ocrx_word' id='word_1_284' title='bbox 499 3946 571 3999; x_wconf 86' lang='lat' dir='ltr'>Deus</span> <span class='ocrx_word' id='word_1_285' title='bbox 599 3947 734 4014; x_wconf 92' lang='lat' dir='ltr'>(omnium</span> <span class='ocrx_word' id='word_1_286' title='bbox 756 3964 827 4000; x_wconf 89' lang='lat' dir='ltr'>crea·</span> <span class='ocrx_word' id='word_1_287' title='bbox 882 3963 949 4012; x_wconf 90' lang='lat' dir='ltr'>ram,</span> <span class='ocrx_word' id='word_1_288' title='bbox 968 3946 1011 3999; x_wconf 92' lang='lat' dir='ltr'>ubi</span> <span class='ocrx_word' id='word_1_289' title='bbox 1031 3945 1191 4018; x_wconf 80' lang='lat' dir='ltr'>Demiurgus</span> <span class='ocrx_word' id='word_1_290' title='bbox 1210 3945 1321 4013; x_wconf 74' lang='grc' dir='ltr'><strong>δίκαιος,</strong></span> <span class='ocrx_word' id='word_1_291' title='bbox 1343 3948 1389 4002; x_wconf 86' lang='lat' dir='ltr'>sed</span> 
     </span>
     <span class='ocr_line' id='line_1_33' title="bbox 324 4029 1388 4101; baseline 0.004 -21"><span class='ocrx_word' id='word_1_292' title='bbox 324 4032 401 4098; x_wconf 83' lang='lat' dir='ltr'>utor)</span> <span class='ocrx_word' id='word_1_293' title='bbox 420 4029 475 4083; x_wconf 87' lang='lat' dir='ltr'>Ens</span> <span class='ocrx_word' id='word_1_294' title='bbox 502 4031 678 4084; x_wconf 87' lang='lat' dir='ltr'>intellectuale</span> <span class='ocrx_word' id='word_1_295' title='bbox 701 4043 749 4096; x_wconf 87' lang='lat' dir='ltr'>est,</span> <span class='ocrx_word' id='word_1_296' title='bbox 768 4048 827 4101; x_wconf 90' lang='lat' dir='ltr'>pro·</span> <span class='ocrx_word' id='word_1_297' title='bbox 882 4033 952 4084; x_wconf 89' lang='lat' dir='ltr'>solus</span> <span class='ocrx_word' id='word_1_298' title='bbox 984 4031 1062 4084; x_wconf 89' lang='lat' dir='ltr'>Pater</span> <span class='ocrx_word' id='word_1_299' title='bbox 1094 4033 1200 4098; x_wconf 69' lang='grc' dir='ltr'><strong>ἀγαθός</strong></span> <span class='ocrx_word' id='word_1_300' title='bbox 1233 4031 1388 4085; x_wconf 88' lang='lat' dir='ltr'>celebratur.</span> 
     </span>
     <span class='ocr_line' id='line_1_34' title="bbox 323 4113 1388 4186; baseline 0.006 -22"><span class='ocrx_word' id='word_1_301' title='bbox 323 4127 436 4184; x_wconf 81' lang='lat' dir='ltr'>«pterea</span> <span class='ocrx_word' id='word_1_302' title='bbox 449 4133 495 4186; x_wconf 88' lang='lat' dir='ltr'>per</span> <span class='ocrx_word' id='word_1_303' title='bbox 508 4115 626 4169; x_wconf 91' lang='lat' dir='ltr'>Verbum</span> <span class='ocrx_word' id='word_1_304' title='bbox 641 4117 741 4168; x_wconf 90' lang='lat' dir='ltr'>creavit</span> <span class='ocrx_word' id='word_1_305' title='bbox 760 4132 827 4186; x_wconf 89' lang='lat' dir='ltr'>quae</span> <span class='ocrx_word' id='word_1_306' title='bbox 881 4114 934 4168; x_wconf 80' lang='lat' dir='ltr'>etr.</span> <span class='ocrx_word' id='word_1_307' title='bbox 954 4125 980 4168; x_wconf 86' lang='lat' dir='ltr'>et</span> <span class='ocrx_word' id='word_1_308' title='bbox 1003 4114 1025 4180; x_wconf 92' lang='lat' dir='ltr'>I,</span> <span class='ocrx_word' id='word_1_309' title='bbox 1050 4129 1139 4179; x_wconf 71' lang='lat' dir='ltr'>xxva,</span> <span class='ocrx_word' id='word_1_310' title='bbox 1161 4131 1172 4168; x_wconf 93' lang='lat' dir='ltr'>t</span> <span class='ocrx_word' id='word_1_311' title='bbox 1193 4113 1238 4168; x_wconf 83' lang='lat' dir='ltr'>fin.</span> <span class='ocrx_word' id='word_1_312' title='bbox 1262 4113 1300 4186; x_wconf 89' lang='lat' dir='ltr'>(p.</span> <span class='ocrx_word' id='word_1_313' title='bbox 1324 4116 1388 4186; x_wconf 85' lang='lat'>270)</span> 
     </span>
     <span class='ocr_line' id='line_1_35' title="bbox 323 4197 1062 4271; baseline 0.005 -23"><span class='ocrx_word' id='word_1_314' title='bbox 323 4218 336 4248; x_wconf 91' lang='lat'>«</span> <span class='ocrx_word' id='word_1_315' title='bbox 347 4197 415 4251; x_wconf 83' lang='lat' dir='ltr'>iacta</span> <span class='ocrx_word' id='word_1_316' title='bbox 428 4211 502 4252; x_wconf 88' lang='lat' dir='ltr'>sunt:</span> <span class='ocrx_word' id='word_1_317' title='bbox 516 4211 542 4253; x_wconf 92' lang='lat' dir='ltr'>et</span> <span class='ocrx_word' id='word_1_318' title='bbox 555 4199 681 4270; x_wconf 89' lang='lat' dir='ltr'>quoniam</span> <span class='ocrx_word' id='word_1_319' title='bbox 694 4199 765 4252; x_wconf 91' lang='lat' dir='ltr'>Deus</span> <span class='ocrx_word' id='word_1_320' title='bbox 775 4199 827 4271; x_wconf 90' lang='lat' dir='ltr'>spi·</span> <span class='ocrx_word' id='word_1_321' title='bbox 881 4200 914 4252; x_wconf 90' lang='lat' dir='ltr'>de</span> <span class='ocrx_word' id='word_1_322' title='bbox 932 4198 1062 4253; x_wconf 91' lang='lat' dir='ltr'>Cerdone.</span> 
     </span>
    </p>
   </div>
   <div class='ocr_carea' id='block_1_5' title="bbox 0 0 1624 5090">
    <p class='ocr_par' dir='ltr' id='par_1_6' title="bbox 0 0 1624 5090">
     <span class='ocr_line' id='line_1_36' title="bbox 0 0 1624 5090; baseline 0 0"><span class='ocrx_word' id='word_1_323' title='bbox 0 0 1624 5090; x_wconf 95' lang='lat' dir='ltr'> </span> 
     </span>
    </p>
   </div>
  </div>
 </body>
</html>
