3274 5100
344 440 408 523 296
631 459 760 506 inaurat
784 460 943 508 abversus
966 459 1121 506 naereses
1203 459 1300 528 mxx,
1324 475 1412 525 12-14

344 652 438 717 minis
454 652 649 718 concurrisse
664 649 782 733 dicunt,
795 669 825 718 et
838 649 1079 719 descendentem
1096 651 1261 720 Christum
1277 653 1309 718 in
1326 652 1411 719 hunc

345 757 510 838 mundum,
537 756 675 824 induisse
709 759 847 847 primum
881 780 1025 824 sororem
1060 781 1149 824 suam
1185 758 1347 846 Sophiam,
1378 776 1412 824 et

343 864 513 932 exsultasse
536 880 685 952 utrosque
705 863 922 954 refrigerantes
940 866 1198 952 superinvicem:
1219 881 1249 932 et
1263 865 1322 932 hoc
1340 889 1410 932 esse

344 993 495 1060 sponsum
518 987 550 1036 et
580 993 728 1058 sponsam
755 970 919 1039 definiunt.
964 973 1069 1038 Iesum
1101 989 1207 1038 autem
1233 975 1348 1063 quippe
1371 997 1412 1040 ex

342 1079 475 1166 Virgine
499 1101 553 1167 per
576 1078 790 1165 operationem
814 1078 875 1143 Dei
901 1095 1096 1163 generatum,
1120 1080 1353 1166 sapientiorem,
1378 1095 1411 1144 et

343 1184 556 1266 mundiorem,
590 1202 621 1252 et
656 1187 820 1252 iustiorem
854 1184 1037 1252 hominibus
1065 1186 1214 1252 omnibus
1238 1186 1351 1265 fuisse3
1376 1188 1410 1252 in

343 1292 445 1384 [eum]
456 1294 488 1347 (¹)
508 1292 673 1360 Christum
693 1292 874 1380 perplexum
890 1291 1025 1381 Sophiae
1037 1290 1244 1375 descendisse,
1258 1311 1290 1360 et
1305 1295 1350 1359 sic
1365 1292 1381 1358 f
1395 1333 1413 1344 -

344 1416 428 1466 ctum
449 1421 517 1466 esse
540 1399 645 1466 iesum
670 1399 844 1466 Christum.

414 1527 462 1592 13.
488 1505 607 1572 Multos
630 1507 724 1594 igitur
754 1529 791 1572 ex
825 1504 984 1594 discipulis
1019 1508 1086 1574 eius
1120 1529 1185 1572 non
1220 1509 1411 1594 cognovisse

344 1613 463 1682 Christi
485 1612 722 1680 descensionem
746 1613 778 1677 in
801 1636 875 1678 eum
906 1611 1031 1680 dicunt:
1065 1611 1271 1680 descendente
1302 1632 1411 1680 autem

344 1719 472 1787 Christo
495 1720 528 1785 in
551 1720 666 1799 Iesum,
690 1719 809 1786 tunc(²)
831 1720 1023 1807 coincepisse
1042 1721 1173 1786 virtutes
1196 1718 1355 1808 perficere,
1379 1737 1411 1786 et

344 1849 462 1908 curare,
485 1843 516 1892 et
539 1827 721 1892 annuntiare
753 1826 949 1914 incognitum
981 1843 1112 1914 patrem,
1135 1841 1165 1893 et
1189 1849 1221 1892 se
1245 1825 1412 1894 manifeste

345 1931 459 1998 Filium
483 1932 581 1998 Primi
598 1932 747 1999 Hominis
762 1929 913 1998 confiteri.
959 1933 995 1998 In
1011 1931 1123 2020 quibus
1138 1933 1305 1999 irascentes
1326 1934 1412 2022 prin-

343 2039 427 2126 cipes
450 2055 480 2105 et
503 2055 622 2126 patrem
637 2039 760 2120 iesu,(⁵)
775 2056 919 2128 operatos
935 2039 972 2107 ad
991 2038 1198 2107 occidendum
1220 2064 1308 2107 eum:
1328 2057 1358 2107 et
1377 2043 1412 2106 in

344 2169 382 2212 eo
401 2169 500 2234 quum
523 2143 735 2228 adduceretur,
750 2147 855 2234 ipsum
874 2144 1001 2235 quidem
1019 2146 1182 2214 Christum
1201 2171 1273 2214 cum
1293 2147 1412 2236 Sophia

344 2251 497 2320 abstitisse
520 2255 553 2319 in
577 2254 845 2342 incorruptibilem
865 2256 1007 2321 Aeonem
1026 2253 1150 2334 dicunt;
1174 2255 1279 2322 lesum
1304 2269 1410 2321 autem

344 2359 543 2427 crucifixum:
556 2383 622 2426 non
634 2377 738 2428 autem
747 2359 880 2428 oblitum
889 2383 981 2427 suum
990 2360 1024 2416 (⁴)
1036 2361 1212 2442 Christum,
1222 2360 1275 2429 sed
1287 2363 1412 2428 misisse

344 2465 475 2555 desuper
497 2467 646 2533 virtutem
669 2466 838 2554 quamdam
858 2469 890 2532 in
910 2490 995 2549 eum,
1013 2490 1092 2555 quae
1116 2469 1260 2534 excitavit
1279 2492 1354 2536 eum
1377 2469 1412 2534 in

344 2594 485 2659 corpore,
508 2573 592 2661 quod
615 2588 645 2639 et
668 2595 782 2662 corpus
798 2574 932 2640 animale
953 2591 985 2639 et
1008 2574 1143 2662 spiritale
1163 2591 1291 2641 vocant:
1317 2597 1413 2640 mun-

344 2676 434 2744 dialia
458 2680 543 2744 enim
569 2681 729 2746 remisisse
760 2703 835 2746 eum
866 2682 899 2745 in
930 2677 1060 2747 mundo.
1120 2680 1271 2748 Videntes
1303 2698 1409 2747 autem

344 2783 486 2874 discipuli
509 2788 715 2853 resurrexisse
739 2810 822 2868 eum,
847 2811 912 2854 nou
938 2811 1011 2854 eum
1039 2804 1268 2876 cognoverunt,
1292 2785 1345 2854 sed
1369 2812 1411 2854 ne

344 2892 448 2978 ipsum
471 2890 597 2980 quidem
622 2892 727 2958 Iesum
747 2893 835 2958 cuius
850 2894 948 2980 gratia
964 2916 981 2958 a
1000 2894 1133 2960 mortuis
1145 2895 1322 2959 resurrexit.
1370 2893 1411 2959 Et

345 3109 375 3146 ac
393 3110 491 3146 nomen
511 3094 589 3147 habet
609 3111 690 3165 eaque
710 3096 849 3165 respondet

345 3193 377 3229 ex
395 3176 582 3231 contrarietate
600 3178 687 3231 eidem
706 3196 784 3249 quarn
804 3179 851 3232 So-

345 3260 406 3330 phia
422 3277 497 3331 passa
516 3277 572 3314 esse
588 3261 683 3314 dicitur
702 3262 716 3332 §
739 3277 762 3329 5.
800 3262 850 3314 Ea·

344 3346 406 3398 dem
433 3347 485 3400 iate
513 3347 667 3400 describitur
697 3349 724 3400 in
748 3348 849 3401 Arcens.

345 3429 427 3482 isaiae
451 3447 481 3484 ac
508 3431 536 3484 in
555 3432 627 3484 libris
649 3433 758 3502 copticis
777 3450 851 3503 prae-

345 3515 435 3568 sertim
452 3516 479 3568 in
492 3515 555 3568 Par.
571 3516 643 3586 Sapit.
656 3533 736 3587 quam
755 3535 850 3588 oppor-

344 3610 408 3651 tune
429 3599 510 3652 etiam
533 3601 561 3652 in
585 3617 640 3671 sqq.
666 3618 726 3654 cum
749 3613 848 3654 narrat.

345 3684 445 3737 irenaei
464 3684 592 3738 conferes.
608 3717 626 3726 -
641 3685 744 3738 Eos...
763 3703 778 3738 a
797 3689 850 3739 vir-

346 3774 394 3820 tatr
412 3767 502 3838 scripsi
522 3787 553 3821 ex
573 3768 655 3833 Vat.¹‚
674 3769 720 3822 fol.
743 3785 771 3822 21
786 3785 809 3822 s.

381 3851 564 3922 (1)Supp1evi
594 3870 627 3906 ex
654 3854 731 3907 initio
755 3854 769 3923 §
794 3872 849 3925 seq.

380 3937 422 4004 (2)
441 3937 525 4007 igitur
539 3937 581 3990 hic
595 3955 698 4008 quoque
710 3939 850 3992 descensus

346 4021 443 4074 Christi
454 4021 481 4074 in
492 4022 578 4074 Iesum
589 4023 616 4074 in
627 4022 757 4091 baptismo
768 4021 851 4076 factus

346 4122 402 4158 esse
433 4106 545 4170 videtur,
576 4123 628 4176 quo
661 4107 715 4159 vita
748 4107 850 4177 publica

347 4189 415 4241 illius
435 4189 558 4242 inchoata
573 4203 620 4243 est.
663 4189 764 4244 Verum
782 4191 851 4260 apud

903 3093 1061 3153 Naassenos,
1087 3093 1114 3146 in
1138 3093 1213 3147 Pastis
1238 3093 1329 3164 Sophia
1359 3101 1411 3146 etc.

904 3195 919 3230 a
944 3178 1100 3242 nativitate;
1120 3179 1187 3248 apud
1206 3178 1297 3231 lustin.
1317 3190 1342 3230 et
1362 3177 1410 3231 Eu.

905 3261 1010 3332 Insdnt,
1038 3279 1091 3333 quo
1121 3263 1262 3315 utebantur
1291 3263 1411 3326 Peratae,

905 3364 976 3400 anno
995 3361 1034 3400 xu
1049 3347 1165 3401 docetur.
1214 3347 1324 3400 Caetera
1343 3363 1414 3417 quae

904 3443 1049 3502 sequuntur
1067 3431 1120 3484 iarn
1140 3431 1208 3502 apud
1228 3433 1325 3484 multos
1344 3431 1413 3484 alios

905 3516 1029 3570 vidimus.
1040 3547 1058 3556 -
1070 3514 1181 3587 Coepissa
1200 3516 1252 3587 leg.
1269 3514 1342 3567 Vat.1

941 3601 981 3670 (3)
1001 3600 1020 3653 1.
1040 3617 1072 3664 e.‚
1097 3613 1124 3652 ut
1144 3612 1224 3670 patet,
1243 3599 1411 3652 Ialdabaoth.

904 3683 937 3737 V.
946 3695 1034 3738 autem
1045 3685 1097 3737 iarn
1112 3680 1179 3754 apud
1200 3684 1307 3736 Peratas
1322 3682 1412 3750 (Hira.

905 3768 939 3834 V,
961 3767 1003 3836 16)
1022 3769 1152 3840 perhiberi
1168 3768 1316 3821 doctrinam
1337 3767 1414 3820 iuxta

905 3870 985 3924 quam
1003 3871 1076 3907 mors
1094 3853 1192 3907 Christi
1211 3869 1267 3905 non
1294 3865 1333 3904 est
1361 3851 1413 3904 nisi

905 3935 975 3990 sraus
991 3955 1041 4008 qua
1056 3937 1153 3992 Satana
1166 3953 1212 4008 per
1224 3953 1311 3990 escam
1325 3937 1415 3988 carnis

906 4023 997 4076 aculeo
1012 4022 1158 4075 divinitatis
1176 4019 1348 4090 transfigitur.

942 4108 984 4174 (4)
1003 4105 1022 4159 1.
1041 4123 1077 4159 e.:
1097 4106 1208 4159 oblitum
1222 4105 1291 4158 illius
1304 4105 1415 4174 (αὐτοῦ)

906 4209 951 4245 seu
971 4191 1037 4244 Iesu.
