3238 5090
174 543 346 614 (Ην-[Μ]
571 544 662 591 uum
684 543 849 600 secuunus
1178 524 1241 608 467

173 739 309 828 corpori,
333 739 399 825 ipsa
421 737 528 804 vivere
551 759 617 803 non
640 752 750 812 cessat,
775 737 819 802 sic
842 752 873 802 et
891 735 930 803 de
953 736 1079 824 reliquis
1103 737 1131 803 ei
1154 760 1244 804 corn·

174 847 349 926 municans,
373 866 473 931 neque
504 843 667 909 scientiam
691 845 832 931 ipsorum
856 842 968 931 perdit,
991 867 1092 932 neque
1119 868 1244 912 memo-

171 953 252 1018 riam
276 952 501 1038 inspectorum.

242 1079 270 1144 5.
291 1057 398 1148 [WH.
411 1054 519 1146 LIV]
560 1055 723 1122 Osrsusro
740 1075 834 1128 ouon
849 1075 1075 1130 uuusoutsous
1090 1077 1242 1125 uosruuu

171 1185 256 1230 sunu
289 1183 395 1230 unser
427 1181 567 1242 auluau,
590 1181 683 1228 srcur
713 1182 753 1227 er
782 1181 869 1228 suuu
895 1182 1026 1230 cornus
1082 1163 1115 1230 Si
1139 1165 1242 1251 itaque

172 1268 287 1336 nullius
310 1269 550 1356 praeteritorum
574 1267 730 1346 meminit,
754 1266 807 1334 sed
831 1269 1050 1335 exsistentium
1080 1271 1241 1336 scientiam

171 1375 222 1442 hic
246 1375 386 1464 percipit,
409 1397 475 1440 non
502 1373 596 1462 igitur
619 1375 653 1440 in
676 1373 743 1439 aliis
776 1373 959 1462 corporibus
984 1373 1041 1441 fuit
1064 1375 1241 1464 aliquando,

171 1507 272 1571 neque
291 1485 355 1571 egit
373 1505 452 1570 quae
469 1504 509 1547 ne
526 1480 654 1569 quidem
678 1482 831 1568 agnoscit,
848 1503 949 1568 neque
968 1484 1057 1549 novit
1075 1506 1154 1571 quae
1172 1485 1242 1571 qui-

170 1591 243 1658 dem
260 1613 362 1678 neque
375 1588 470 1656 videt.
506 1587 565 1654 Sed
582 1586 853 1676 quemadmodum
866 1590 1081 1677 unusquisque
1095 1606 1241 1656 nostrum

171 1720 265 1762 suum
288 1717 403 1783 corpus
426 1717 481 1784 per
504 1711 603 1760 artem
624 1694 684 1760 Dei
708 1695 816 1774 sumit,
836 1695 880 1760 sic
900 1711 930 1760 et
951 1717 1040 1761 suam
1065 1695 1156 1761 habet
1174 1697 1240 1762 ani·

171 1826 269 1869 marn.
315 1803 427 1889 Neque
459 1802 543 1867 enirn
567 1803 612 1867 sic
636 1823 762 1890 pauper,
786 1823 887 1889 neque
915 1798 1058 1888 indigens
1083 1802 1182 1883 Deus,
1206 1819 1241 1869 ut

170 1933 235 1977 non
255 1910 422 1998 unicuique
442 1910 565 1996 corpori
584 1910 744 1996 propriam
767 1907 899 1974 donaret
921 1910 1071 1990 animam,
1089 1907 1241 1996 quemad-

170 2014 304 2084 modum
335 2034 365 2082 et
395 2015 558 2106 proprium
591 2014 856 2081 characterem.(¹)
901 2015 939 2080 Et
968 2013 1039 2081 ideo
1069 2015 1239 2105 adimpleto

170 2146 316 2207 nurner0,
338 2146 434 2211 quem
458 2123 523 2211 ipse
546 2121 626 2209 apud
651 2145 684 2188 se
708 2139 778 2188 ante
804 2121 935 2202 definiit,
959 2145 1073 2188 omnes
1095 2125 1240 2212 quicum-

170 2253 230 2318 que
253 2246 326 2296 sunt
356 2231 463 2317 scripti
485 2231 519 2295 in
541 2231 651 2308 vitam,
676 2246 848 2317 resurgent,
872 2252 926 2294 sua
958 2252 1091 2318 corpora
1114 2248 1144 2297 et
1168 2255 1239 2297 suas

172 2336 319 2404 habentes
347 2338 478 2417 animas,
502 2352 533 2402 et
556 2358 631 2401 suos
659 2335 834 2424 spiritus,(²)
856 2337 888 2402 in
912 2335 1025 2425 quibus
1057 2337 1238 2426 placuerunt

236 2514 326 2580 Ἀλλ’
338 2515 378 2592 ὡς
401 2517 442 2591 τίς
465 2517 594 2590 ἕκαστος
612 2516 696 2599 ἡμῶν
712 2513 787 2578 ίᾶσν
806 2523 951 2598 σῶμα...
972 2515 1127 2599 λαμβάνει,
1146 2519 1238 2594 οὓτως

168 2624 221 2686 καί
237 2621 310 2685 ἰδίαν
322 2623 388 2706 ἔχει
400 2621 511 2706 ψυχήν.
555 2619 601 2685 Οὐ
615 2623 673 2703 γὰρ
689 2623 766 2684 οὕτω
781 2624 902 2704 πτωχὸς
917 2621 986 2684 οὐδὲ
1002 2623 1114 2704 ἄπορος
1129 2621 1146 2685 ὁ
1161 2619 1238 2700 Θεὸς

168 2730 247 2792 ὥστε
270 2729 311 2814 μὴ
335 2727 378 2792 ἑνί
402 2728 522 2811 ἑκίιστῳ
546 2725 662 2811 σώματι
678 2725 752 2790 ίδίαν
767 2725 952 2810 κεχαρίσθαι
968 2727 1079 2812 ψυχήν,
1095 2727 1238 2815 καθάπερ

167 2835 219 2898 καί
232 2834 309 2897 ίδιον
323 2843 512 2920 χαρακτῆρα.
559 2831 622 2896 Καὶ
637 2832 686 2896 διὰ
697 2840 784 2896 τοῦτο
799 2830 1013 2916 πληρωθέντος
1029 2841 1081 2896 τοῦ
1095 2834 1238 2919 ἀριθμοῦ,

169 2941 201 3002 ὃν
223 2942 312 3017 αὐτὸς
340 2937 412 3026 παρ’
424 2942 505 3024 αὐτῷ
527 2937 687 3024 πραὼρισε,
710 2937 820 3015 πίιντες
843 2938 870 3001 οἱ
899 2937 1062 3023 γραφέντες
1089 2941 1130 3018 είς
1158 2943 1238 3027 ζωὴν

167 3045 395 3130 ἀναστήσονται,
416 3046 479 3109 ἴδια
500 3047 624 3129 ἔχοντες
646 3041 783 3129 σώματα,
807 3045 859 3107 καὶ
883 3043 956 3120 ἰδίας
982 3045 1103 3130 ἔχοντες
1125 3046 1237 3131 ψυχάς,

59 3213 64 3220 ,
167 3153 220 3214 καὶ
239 3150 302 3216 ἴδια
329 3151 496 3236 πνεύματα,
520 3151 553 3214 ἐν
576 3151 620 3227 οὓς
642 3149 848 3235 εὐηρὲστησαν
869 3157 911 3234 τῷ
934 3149 1014 3234 Θεῷ.
1069 3150 1108 3216 Oi
1129 3152 1163 3218 δὲ
1185 3163 1237 3237 τῆς

203 3340 245 3406 (1)
262 3337 283 3391 1.
302 3356 325 3392 e.
344 3351 371 3393 et
392 3339 525 3411 propriam
552 3337 674 3410 figuram,
729 3357 793 3393 mox
806 3357 887 3412 quum
900 3342 934 3394 de
946 3342 1023 3395 malis
1036 3355 1129 3413 agatur
1140 3344 1237 3398 iterum

166 3439 212 3476 seu
243 3423 405 3494 adspectum.
455 3423 577 3476 Alterum
597 3434 675 3493 caput
729 3425 851 3495 spiritum
870 3442 925 3478 non
944 3440 1146 3480 commemorat.
1183 3427 1219 3481 Cf
1230 3469 1237 3482 .

166 3523 199 3560 ex
218 3523 271 3578 quo
297 3508 389 3561 Patres
416 3525 509 3561 omnes
528 3506 587 3578 (cfr.
606 3508 674 3578 sup.)
730 3507 763 3572 V,
782 3523 841 3574 v111,
862 3525 877 3562 2
903 3511 947 3562 ubi
971 3510 1092 3581 spiritum
1119 3512 1237 3582 «pignus

166 3592 325 3662 impugnant
352 3591 607 3664 metempsychosim
636 3602 675 3645 est
733 3593 929 3647 «inhabitantis
942 3595 970 3648 in
982 3613 1033 3648 nos
1044 3596 1154 3668 Spiritus
1164 3597 1234 3650 Dei»

165 3676 282 3744 praecise
301 3676 361 3742 hoc,
376 3677 447 3747 quod
466 3693 563 3747 nempe
581 3677 609 3729 in
624 3677 674 3730 hac
729 3678 853 3748 appellat,
866 3678 903 3732 ita
915 3690 944 3732 ut
960 3699 974 3728 τ
984 3681 1129 3734 substantia
1138 3691 1238 3746 nostra,

165 3760 308 3831 hypothesi
315 3761 348 3813 ad
355 3762 441 3831 plures
448 3761 572 3814 homines
579 3761 673 3814 eadem
731 3780 745 3810 u
756 3761 773 3812 i.
792 3777 815 3816 e.
833 3761 940 3816 animae
958 3775 984 3816 et
1008 3764 1095 3816 carnis
1119 3763 1238 3817 adunitio

166 3845 256 3896 anima
272 3845 423 3914 pertineret,
439 3857 465 3898 et
480 3845 541 3898 ideo
560 3861 674 3898 resurre-
732 3861 894 3899 «assumens
907 3845 1034 3917 Spiritum
1044 3848 1102 3914 Dei,
1117 3847 1239 3918 spiritua-

166 3927 283 3982 ctionem
292 3927 346 3982 sere
360 3929 530 4001 impossibilis
540 3930 674 3982 evaderet.
733 3949 746 3978 r<
756 3930 809 3982 lem
819 3929 957 3983 hominem
967 3929 1047 3985 efficit
1057 3952 1082 3985 n.
1110 3931 1238 3986 Tanloc.

169 4010 318 4066 —Graeca
336 4015 434 4068 iterum
454 4031 486 4068 ex
502 4013 599 4067 Parall.
619 4013 675 4066 Da·
729 4014 773 4068 cit.
787 4011 873 4081 13fin.
911 4014 1033 4069 Fortasse
1045 4032 1077 4070 ex
1088 4017 1175 4070 verbis
1188 4017 1239 4070 illis

165 4109 282 4150 νίκασεν.
299 4097 399 4168 (Hori,
415 4117 441 4170 p.
456 4095 500 4164 60,
515 4116 542 4151 n.
559 4100 629 4168 143).
732 4115 811 4152 cnon
839 4099 911 4152 enim
939 4101 1103 4170 pemranebit
1127 4100 1238 4171 Spiritus

201 4182 242 4248 (a)
261 4180 312 4234 Hic
331 4183 409 4252 plane
428 4183 479 4235 tria
497 4193 569 4246 sunt,
581 4193 608 4235 et
623 4184 676 4254 spi·
732 4199 830 4236 «meus
849 4182 878 4236 in
896 4183 1006 4237 homine
1020 4183 1081 4255 quia
1096 4201 1158 4238 caro
1171 4197 1234 4238 est»

165 4263 230 4317 ritus
254 4264 287 4317 ab
312 4266 401 4320 anima
428 4266 601 4332 discernitur;
629 4268 675 4321 sed
729 4267 763 4321 ad
781 4268 851 4322 hanc
869 4268 1023 4340 opinionem
1037 4267 1173 4322 Inductus
1186 4281 1235 4324 est.
