3230 5062
288 423 347 490 174
572 425 700 471 lRENAEI
724 426 884 472 ADVERSUS
908 427 1063 473 HAERESES
1230 425 1313 494 [XHL
1335 441 1346 492 3

278 618 359 683 circa
379 639 430 683 eas
449 641 527 706 quae
551 635 624 684 sunt
647 619 806 694 honestae,
826 620 1232 708 etcircumpurpuratae,(1)
1251 637 1280 685 et
1301 619 1351 686 di·

276 725 427 802 tissimae,
450 747 527 812 quas
551 747 642 813 saepe
665 723 817 792 abducere
844 742 977 807 tentans,
1001 724 1076 792 dicit
1098 724 1260 792 blandiens
1283 728 1348 794 eis:

279 858 295 894 a
310 830 498 919 Participare
516 847 546 898 te
566 833 641 899 volo
657 855 695 899 ex
711 857 781 900 mea
797 835 906 922 gratia,
923 833 1073 920 quoniam
1093 834 1184 899 Pater
1201 835 1347 900 omnium

279 939 457 1026 «angelum
476 956 567 1005 tuum
588 962 712 1028 semper
730 941 815 1008 sidet
838 958 909 1007 ante
933 939 1045 1008 faciem
1062 941 1197 1006 suant.(²l
1242 941 1348 1008 Locus

279 1072 294 1107 a
310 1062 414 1112 autem
438 1063 509 1114 tuae
540 1047 802 1134 magnitudinisl³>
824 1049 857 1114 in
880 1045 971 1114 nobis
995 1063 1060 1114 est:
1085 1064 1209 1135 oportet
1232 1069 1291 1114 nos
1314 1049 1347 1114 in

282 1175 408 1218 (cunum
432 1154 611 1219 convenire.
659 1154 755 1221 Sume
778 1155 918 1242 primum
942 1177 959 1220 a
984 1177 1046 1232 me,
1071 1170 1102 1220 et
1124 1177 1178 1242 per
1203 1177 1254 1220 me
1277 1175 1349 1242 gra-

281 1258 395 1324 «tiam.
442 1257 562 1346 Adapta
582 1276 612 1325 te
635 1275 668 1326 ut
692 1283 807 1346 sponsa
826 1262 983 1326 sustinens
1008 1283 1161 1348 sponsum
1185 1283 1289 1342 suum,
1313 1276 1360 1326 ut·

278 1391 293 1428 a
309 1366 351 1430 sis
375 1364 460 1453 quod
479 1388 549 1453 eg0,
569 1382 599 1432 et
618 1389 679 1454 ego
694 1365 779 1453 quod
803 1382 846 1432 tu.
896 1367 1064 1434 Constitue
1083 1368 1115 1432 in
1135 1365 1274 1434 thalamo
1290 1382 1348 1432 tuo

281 1494 418 1537 «semen
442 1472 581 1538 luminis
628 1473 725 1538 Sume
750 1495 767 1538 a
791 1497 843 1540 me
867 1497 1032 1562 sponsum,
1057 1490 1087 1540 et
1110 1497 1185 1562 cape
1208 1497 1293 1553 eum,
1317 1490 1348 1538 et

282 1599 418 1664 «capere
437 1579 470 1643 in
489 1601 538 1644 e0.
586 1579 665 1646 Ecce
685 1581 781 1666 gratia
801 1579 961 1647 descendit
980 1582 1012 1646 in
1028 1597 1073 1647 te:
1090 1583 1173 1668 aperi
1190 1603 1227 1647 os
1246 1595 1347 1660 tuum,

282 1709 297 1744 ιι
309 1700 339 1749 et
363 1683 513 1770 propheta
525 1711 556 1749 υ.
604 1685 717 1766 Quum
730 1703 835 1754 autem
848 1687 960 1753 mulier
973 1685 1186 1774 responderit:
1216 1713 1232 1749 «
1244 1687 1349 1755 Num·

278 1815 294 1852 c<
308 1811 403 1875 quam
419 1789 601 1876 prophetavi
618 1807 648 1856 et
664 1793 771 1858 nescio
788 1792 1011 1880 prophetaret:
1029 1793 1244 1859 invocationes
1255 1815 1349 1879 quas-

276 1893 349 1960 dam
374 1893 489 1961 saciens
513 1895 629 1978 denu0‚
652 1895 689 1964 ad
714 1913 876 1985 stuporem
900 1899 967 1964 eius
986 1921 1065 1987 quae
1088 1896 1256 1979 seducitur,
1274 1898 1349 1965 dicit

275 2083 381 2152 ναῖκοις
407 2076 594 2162 ἀσχολεῖται,
617 2077 804 2142 καὶτούτων
827 2081 879 2156 τὰς
908 2078 1106 2164 εὐπαρίφσυς,
1130 2080 1183 2141 καὶ
1209 2097 1349 2162 περιπορ-

275 2183 394 2269 φύρους,
413 2185 465 2247 καὶ
484 2183 720 2267 πλουσιωτάτοις,
740 2186 776 2261 ἃς
794 2183 941 2260 πολλάκις
959 2184 1135 2270 ῦιτόιχεσθοιι
1157 2183 1348 2269 πειρώμενος,

276 2289 451 2353 κολακεύων
474 2292 563 2375 φησὶν
582 2292 700 2368 αὐτοῖς·
724 2316 739 2352 a
754 2289 943 2354 Μεταδοῦναί
960 2311 1008 2355 σοι
1024 2289 1109 2354 θέλω
1128 2300 1182 2376 τῆς
1200 2290 1274 2374 ἐμης
1293 2289 1349 2374 χά,

282 2423 297 2458 «
309 2417 397 2481 ριτος,
421 2398 524 2482 ἐπειδὴ
544 2399 560 2460 ὁ
585 2398 691 2483 Πατὴρ
706 2405 765 2461 τῶν
780 2398 858 2461 ὅλων
881 2401 931 2461 τὸν
951 2394 1081 2482 ἄγγελόν
1101 2420 1158 2462 σου
1176 2398 1224 2461 διὰ
1239 2401 1349 2474 παντὸς

282 2530 297 2564 u
310 2502 413 2591 βλέπει
424 2507 482 2588 πρὸ
494 2503 655 2589 προσώπου
670 2505 780 2568 αὑτοῦ·
828 2505 844 2568 ὁ
857 2506 890 2568 δὲ
903 2505 994 2580 τόπος
1005 2514 1056 2569 τοῦ
1069 2503 1220 2589 μεγέθους
1233 2505 1264 2568 ἐν
1279 2497 1350 2590 ἡμῖν

279 2638 294 2673 a
310 2612 388 2675 ἐστι’·
406 2612 543 2696 δεῖημᾶς
558 2612 599 2688 εἰς
615 2613 646 2676 ἓν
661 2622 860 2697 καταστῆσαι.
908 2611 1051 2698 Λάμβιινε
1068 2622 1184 2696 πρῶτον
1196 2611 1250 2676 ἀπ’
1263 2613 1359 2696 ἐμοῦ,Ι

279 2721 361 2782 «καὶ
382 2717 420 2782 δι’
434 2719 508 2802 ἐμοῦ
531 2722 583 2803 τὴν
607 2719 704 2804 χάριν.
752 2719 938 2804 Εὐτρὲπισον
961 2721 1102 2802 σεαυτὴν,
1121 2719 1161 2795 ὡς
1180 2718 1279 2803 νύμφη
1298 2721 1348 2782 ἐκ·

283 2824 458 2910 «δεχομένη
482 2829 532 2889 τὸν
554 2825 679 2909 νυμφίον
701 2825 819 2909 ἑαυτῆς,
843 2827 891 2889 ἵνα
909 2826 965 2908 ἔση
984 2826 1001 2888 b
1021 2825 1092 2908 ἐγὼ,
1112 2827 1165 2888 καὶ
1183 2824 1244 2909 ἐγὼ
1263 2826 1280 2889 ὃ
1298 2825 1347 2888 συ.

279 2956 294 2991 (ι
310 2929 505 3014 Καθὶδρυσον
521 2931 552 2994 ἐν
568 2938 610 3014 τῷ
625 2929 756 3016 νυμφῶνί
775 2953 830 2995 σου
850 2934 883 2994 τὸ
902 2929 1023 3014 σπέρμα
1041 2939 1094 2994 τοῦ
1109 2927 1216 3014 φωτός.
1264 2929 1348 3016 Λάβε

280 3037 470 3122 «παρ’ἐμοῦ
489 3040 540 3102 τὸν
558 3037 691 3121 νυμφίον,
711 3041 764 3100 καὶ
781 3036 921 3122 χώρησον
939 3039 1039 3118 αὐτὸν,
1063 3038 1117 3100 καὶ
1139 3037 1297 3122 χωρηθητι
1316 3036 1347 3100 ἐν

283 3146 400 3227 «αὐτῷ.
448 3142 539 3226 Ἰδοὺ,
563 3144 582 3227 ἡ
606 3145 693 3229 χάρις
723 3144 879 3228 κατῆλθεν
902 3143 952 3206 ἐπὶ
975 3141 1029 3206 σέ·
1053 3142 1170 3220 ἄνοιξον
1193 3147 1227 3206 τὸ
1250 3142 1347 3226 στόμα

284 3274 299 3310 a
312 3270 378 3330 σοι,
407 3252 459 3314 καὶ
484 3251 733 3336 προφητευσον».
781 3250 845 3334 Τῆς
871 3250 903 3312 δὲ
930 3253 1073 3335 γυναικὸς
1099 3247 1347 3334 ἀποκρινομένης,

280 3383 295 3419 (ι
311 3361 345 3422 οὐ
369 3359 578 3443 προεφήτευσοι
608 3359 742 3442 πώποτε,
767 3361 819 3422 καὶ
846 3360 903 3422 οὐκ
926 3359 993 3422 οἶδα
1024 3360 1220 3442 προφητεύειν
1231 3383 1263 3440 υ,
1287 3359 1348 3421 ἐστι·

278 3464 400 3549 κλήσεις
423 3469 503 3542 τινος
525 3465 700 3551 ποιούμενος
724 3467 761 3530 ἐκ
783 3465 924 3552 δευτέρου
941 3467 984 3540 εἰς
998 3464 1185 3550 κατλπληξιν
1201 3475 1253 3549 τῆς
1273 3467 1348 3528 ἄιστοιι

315 3651 357 3719 (ι)
377 3650 396 3702 Ι.
416 3667 438 3703 e.
461 3667 528 3721 quae
547 3667 660 3722 purpura
679 3651 786 3704 indutae
876 3651 917 3720 (3)
937 3650 995 3702 Hoc
1022 3649 1132 3703 nomine
1151 3651 1284 3703 abstracto
1306 3649 1348 3702 hic

279 3735 422 3788 incedunt:
462 3751 558 3805 nempe
598 3736 786 3788 nobilissimae.
841 3747 866 3789 et
880 3753 957 3805 saepe
970 3737 1080 3806 angelus
1092 3735 1252 3805 designatur,
1282 3733 1348 3801 (Cf.

280 3819 377 3873 Gnosis
403 3819 484 3884 enim,
506 3831 534 3872 ut
561 3821 622 3890 quid
645 3820 787 3889 superioris
842 3818 1349 3889 moxgoinformularedemtionisetc.

280 3905 388 3968 ordinis,
408 3904 545 3957 ditioribus
565 3917 590 3957 et
615 3905 787 3956 nobilioribus
842 3903 1014 3971 le,1fin.).
1039 3903 1120 3974 Atqui
1128 3902 1349 3974 angelorumspe·

279 4001 384 4042 tantum
404 3987 620 4042 concredebatur.
842 3989 894 4041 cies
910 3999 935 4041 et
952 3988 1091 4059 imagines,
1107 4000 1135 4041 ut
1151 3988 1274 4051 vidimus,
1288 3999 1347 4040 sunt

316 4075 356 4141 (2)
378 4073 479 4125 Alludit
502 4073 534 4126 ad
557 4072 669 4125 blarru.
691 4073 789 4138 xvltl,
843 4073 955 4144 gnostici
980 4085 1006 4125 et
1026 4072 1156 4144 spiritales
1176 4071 1234 4142 [cst.
1253 4089 1278 4142 p.
1301 4086 1346 4138 105

285 4173 323 4210 ro.
361 4157 680 4220 Cfr‚inlraXlV,rfin.
757 4165 785 4218 ,¹
845 4157 904 4226 (IV,
923 4157 982 4224 lin.)
1001 4171 1183 4228 cumrtasq.
1197 4157 1244 4225 (V,
1257 4155 1286 4224 6)
1301 4167 1349 4210 erc.
