3172 5044
507 468 695 514 rneouoom
721 471 849 517 manner
1171 471 1207 536 55

366 571 371 575 .
383 571 450 574 —
584 571 618 576 --.
924 571 1065 577 ——
1081 571 1210 578 ..-..—-.

144 682 266 762 potest
304 667 393 763 quid
423 667 468 738 lr.
502 669 545 738 de
578 667 727 740 Christo
764 667 938 752 sentiret;
974 668 1004 740 si
1038 669 1137 742 enim
1172 687 1211 742 ut

143 793 253 864 homo
273 791 359 864 Deo
387 791 563 874 uniretur,
588 817 742 866 necesse
770 793 872 890 prius
901 811 981 866 erat
1000 794 1126 866 Deum
1148 794 1210 866 ho·

143 915 229 988 mini
258 915 363 999 uniri,
396 916 469 989 iam
499 915 613 1013 liquet
651 918 747 989 hanc
786 916 961 990 unionem
992 918 1028 990 in
1059 917 1210 991 Christo

140 1041 357 1138 praedicari.
421 1043 529 1124 Nam,
561 1041 591 1113 si
629 1041 801 1116 Christus
841 1067 913 1114 non
944 1067 1054 1114 verus
1083 1043 1206 1124 homo,

139 1167 329 1240 hominem
349 1165 535 1239 redimere
558 1166 620 1238 vix
640 1168 824 1264 potuisset
845 1167 907 1262 (V,
937 1191 992 1258 14,
1018 1192 1050 1250 2;
1077 1193 1136 1252 21,
1159 1171 1208 1265 1),

139 1292 168 1363 si
205 1307 332 1364 autem
371 1317 446 1365 non
480 1292 594 1375 Deus,
632 1298 695 1388 qul
728 1293 892 1366 divinam
925 1293 1039 1365 vitam
1069 1292 1208 1365 homini

137 1414 345 1488 attulisset?
376 1416 454 1510 (lll,
486 1439 540 1506 19,
577 1439 635 1499 21,
666 1419 769 1514 etc).
828 1415 898 1488 Est
926 1416 1039 1513 igitur
1074 1416 1210 1488 ‹Iesus

144 1539 351 1613 «Christus
379 1565 467 1614 vere
497 1541 620 1624 homo,
646 1566 736 1613 vere
755 1541 881 1613 Deus:
904 1540 999 1613 lilius
1019 1540 1092 1613 Dei
1112 1540 1209 1613 filius

144 1665 338 1737 «hominis
367 1666 518 1737 lactus»
556 1664 637 1762 (IV,
670 1670 704 1750 6,
740 1668 791 1762 7),
814 1691 912 1761 quae
940 1665 1092 1762 quidem
1123 1691 1207 1737 con-

137 1788 259 1870 fessio,
301 1806 444 1862 tessera
482 1807 539 1862 est
576 1789 684 1861 unius
721 1788 914 1862 Ecclesiae
948 1790 1027 1884 (Ill,
1064 1814 1120 1875 11,
1154 1793 1205 1887 3).

134 1913 216 1985 abs
246 1939 286 1986 re
314 1939 406 1988 sane
434 1929 536 1986 esset
563 1914 646 1986 loca
675 1939 881 2011 congerere
911 1913 1045 2010 quibus
1075 1914 1119 1986 lr.
1148 1915 1207 1986 vel

135 2036 216 2110 lesu
248 2038 387 2111 Christi
417 2064 543 2111 veram
573 2038 805 2111 divinitatem
839 2054 969 2110 contra
997 2037 1203 2122 Ebionitas,

135 2161 419 2236 Valentinianos
437 2163 566 2250 <immo
586 2178 624 2235 et
644 2164 787 2236 suturos
806 2161 1055 2258 Adoptianos
1075 2163 1135 2246 ΙΙΙ,
1156 2168 1204 2256 6>;

133 2311 261 2360 veram
276 2303 402 2360 autem
418 2285 688 2360 humanitatem
705 2303 835 2360 contra
849 2269 1081 2359 Marcionem
1098 2312 1203 2383 prae-

132 2411 262 2484 sertim
298 2426 433 2484 tuetur.
492 2411 569 2484 Res
606 2409 705 2484 enim
736 2412 772 2483 in
802 2410 976 2483 confesso
1011 2427 1069 2482 est
1106 2414 1205 2507 apud

130 2558 265 2607 omnes
289 2535 366 2633 [cfr.
385 2535 573 2619 Harnack,
596 2537 618 2608 l.
637 2561 666 2608 c.
684 2562 720 2632 p.
742 2556 818 2626 550
836 2539 952 2632 sqq.].
1012 2536 1100 2620 lam,
1133 2561 1206 2630 qua

131 2661 277 2733 ratione
313 2660 409 2734 hanc
448 2660 624 2734 unionem
662 2659 848 2757 concipiat
884 2661 1014 2758 paucis
1053 2662 1202 2733 damus:

131 2785 309 2858 unionem
338 2785 438 2858 enim
469 2785 718 2858 necessariam
747 2786 859 2858 docet
888 2801 927 2857 ut
946 2784 1204 2883 recapitulatio

129 2909 298 2982 omnium
319 2908 355 2981 in
377 2909 528 2982 Christo
547 2934 596 2982 ex
616 2934 689 3005 qua
715 2909 855 3005 pendet
884 2909 1126 2982 redemtionis
1143 2935 1204 2981 ve·

130 3031 219 3106 ritas
239 3048 279 3105 et
298 3031 475 3116 efficacia,
497 3033 644 3129 concipi
674 3031 810 3130 possit:
834 3031 919 3105 hinc
940 3033 1085 3105 fortiter
1103 3058 1203 3105 coar-

66 3191 70 3200 *
128 3159 210 3254 guit
249 3155 445 3254 gnosticos
482 3158 605 3230 lesum
640 3157 753 3230 alium
788 3183 810 3230 a
848 3158 999 3230 Christo
1035 3157 1203 3230 dicentes

129 3282 324 3379 (passim):
344 3306 471 3354 verum
488 3297 526 3354 et
540 3281 706 3379 perfecte
722 3281 959 3379 personalem
976 3307 1059 3354 eam
1075 3283 1202 3355 doceri

128 3407 186 3478 vel
208 3431 258 3478 ex
279 3431 326 3478 eo
347 3407 494 3479 ostendi
523 3423 648 3505 potest
677 3408 778 3502 quod
808 3405 907 3481 nulla
936 3406 1000 3480 fiat
1029 3407 1202 3480 differen-

129 3528 179 3602 tia
207 3531 307 3604 inter
334 3530 502 3604 actiones
539 3530 700 3604 hominis
729 3548 767 3603 et
795 3530 922 3615 Verbi,
955 3530 1005 3602 ita
1035 3547 1074 3603 ut
1103 3556 1200 3603 com-

129 3653 334 3727 municatio
355 3679 509 3750 -quam
537 3670 675 3727 vocant
696 3699 716 3712 -
738 3655 956 3727 idiomatum
986 3656 1034 3727 ab
1063 3682 1110 3727 eo
1140 3682 1201 3728 ex-

126 3779 269 3875 pressis
287 3778 412 3852 verbis
430 3780 599 3852 tradatur
619 3780 700 3875 (cfr.
718 3806 752 3851 v.
770 3806 809 3876 g.
826 3780 871 3864 V,
901 3782 955 3862 18,
981 3785 1018 3875 1)
1047 3781 1199 3876 «ipsum

128 3902 297 3977 Verbum
318 3903 391 3978 Dei
419 3904 652 3978 incarnatum
682 3929 905 4001 suspensum
935 3922 1134 4001 estsuper
1163 3905 1199 3976 li-

134 4057 151 4097 ‹
165 4054 319 4126 gnum»
352 4029 429 4123 (ΙΙΙ,
457 4034 512 4113 16,
536 4034 558 4100 6
579 4045 669 4111 etc.;
692 4043 730 4102 et
750 4028 796 4116 V,
821 4053 880 4123 31,
909 4055 940 4114 2,
963 4029 1025 4101 ubi
1045 4047 1199 4101 aeterna

126 4154 367 4251 ostenditur).
426 4154 513 4248 Qua
541 4153 685 4226 ratione
713 4169 840 4227 autem
866 4153 1074 4249 impleverit
1095 4151 1200 4225 Chri-
