3230 5062
372 416 433 499 164
656 431 784 479 rnenaer
808 431 968 478 novemus
992 429 1147 477 unaneses
1305 425 1363 496 [xl
1382 440 1434 492 4-5

367 628 551 708 emiserunt,
566 648 665 713 quum
685 647 750 691 non
773 625 962 706 emisissent,
979 621 1127 703 fructum,
1143 623 1175 688 in
1195 619 1344 687 omnibus
1360 623 1439 687 uisi·

369 733 463 800 bilem
488 730 739 798 manducabilem
758 745 788 796 et
807 729 943 810 dulcem,
966 752 1061 817 quem
1087 727 1224 794 fructum
1247 750 1354 794 sermo
1372 727 1439 795 Cu-

368 860 530 906 cumerem
554 855 655 904 vocat.
703 838 789 904 Cum
813 836 873 904 hoc
898 837 1077 904 Cucumere
1100 851 1147 901 est
1171 836 1271 900 virtus
1294 833 1438 901 eiusdem

367 947 530 1034 potestatis
549 945 588 1027 ei,
606 967 701 1031 quam
720 959 751 1008 et
768 944 869 1031 ipsam
888 943 1051 1030 Peponem
1069 963 1162 1008 uoco.
1208 942 1275 1007 Hae
1294 941 1437 1022 virtutes,

368 1050 550 1131 cucurbita,
566 1067 597 1116 et
615 1051 778 1131 Permane,
792 1065 821 1115 et
837 1049 1002 1132 Cucumis,
1018 1065 1048 1115 et
1063 1049 1160 1136 Pepo,
1177 1049 1350 1114 emiserunt
1366 1047 1439 1114 reli-

368 1183 463 1248 quam
488 1155 721 1226 multitudinem
743 1155 902 1222 Valentini
933 1155 1155 1222 deliriosorum
1187 1177 1357 1243 peponum.
1405 1154 1438 1222 Si

369 1267 454 1334 enim
478 1289 551 1332 eum
576 1286 757 1331 sermonem
776 1263 829 1350 qui
853 1262 892 1329 de
915 1262 1072 1328 universis
1094 1259 1140 1342 fit,
1168 1259 1381 1350 transfigurari
1406 1261 1438 1326 in

368 1373 505 1460 primam
527 1370 797 1458 quatemationem
820 1384 954 1456 oportet,
964 1367 998 1422 (¹)
1020 1382 1061 1449 et,
1080 1365 1351 1457 quemadmodum
1371 1365 1438 1432 vult

369 1479 490 1566 aliquis,
514 1479 580 1565 ipse
604 1499 720 1564 ponere
742 1477 883 1557 nomina,
906 1477 976 1563 quis
1007 1475 1152 1563 prohibet
1178 1473 1227 1540 his
1254 1473 1438 1540 nominibus

369 1586 414 1650 uti
438 1583 539 1650 multo
563 1582 822 1664 credibilioribus,
842 1599 873 1649 et
896 1584 929 1648 in
952 1605 1010 1648 usu
1034 1583 1156 1670 positis,
1175 1599 1205 1648 et
1228 1579 1266 1647 ab
1290 1580 1438 1648 omnibus

370 1691 526 1778 cognitis?

439 1815 467 1883 5.
491 1795 599 1886 [WH.
625 1795 660 1874 V,
687 1793 732 1884 3].
778 1792 841 1860 Alii
849 1793 883 1848 (²)
900 1810 1004 1860 autem
1021 1815 1129 1860 rursus
1145 1795 1288 1881 ipsorum
1303 1792 1438 1880 primam

370 1919 400 1970 et
423 1902 624 1990 archegonon
647 1902 883 1967 octonarionem
902 1899 951 1966 his
969 1897 1152 1966 nominibus
1176 1899 1438 1965 nominaverunt:

371 2118 509 2202 ὀνομάζω
533 2117 712 2182 Κενὸτατον.
758 2117 844 2201 Αὓτη
867 2116 887 2200 ἡ
908 2115 1095 2199 Κολοκὺνθη
1114 2117 1134 2198 ll
1152 2135 1186 2178 τε
1204 2114 1386 2196 Κενότατον,
1405 2117 1439 2179 τὸ

370 2226 403 2289 ἓν
421 2227 516 2306 οὖσαι,
540 2225 711 2310 προήκαντο
735 2227 776 2309 μὴ
800 2221 962 2307 προέμεναι
980 2225 1098 2307 καρπὸν
1120 2221 1169 2286 ἐπὶ
1191 2221 1312 2285 πάντων
1335 2221 1441 2305 ὁρατὸν

370 2333 501 2417 ραγετόν
517 2354 549 2395 τε
564 2334 616 2395 καὶ
631 2331 755 2416 γλυκὺν,
769 2332 803 2394 ὃν
815 2332 931 2414 καρπὸν
943 2329 960 2392 b
972 2328 1062 2412 λόγος
1074 2327 1184 2392 Σὲκυον
1196 2327 1295 2392 καλεῖ.
1332 2327 1439 2412 Τούτῳ

370 2447 412 2523 τῷ
428 2439 541 2523 Σικὺῳ,
557 2439 741 2524 ουνυπὰρχει
764 2437 886 2520 δύναμις
904 2434 1095 2520 ομοεξοὺοιος
1113 2435 1204 2517 αὐτῷ,
1223 2435 1260 2518 ἣν
1277 2436 1331 2497 καὶ
1348 2437 1440 2518 αὐτὴν

371 2545 510 2630 oppeto
521 2548 571 2609 τὸν
588 2545 724 2610 Πέπονα.
771 2543 868 2608 Adrou
879 2543 910 2606 αἱ
925 2541 1106 2626 &mipendi
1121 2562 1154 2605 τε
1171 2540 1357 2624 Κολοκὺνθη
1371 2543 1391 2625 ἣ
1406 2544 1440 2607 τὸ

372 2652 553 2733 Κενὸτατον,
571 2650 680 2728 Σίκυός
694 2673 727 2715 τε
742 2653 795 2714 καὶ
809 2651 826 2714 ὁ
844 2647 955 2714 Πὲπων
970 2648 1140 2733 προήκαντο
1156 2650 1189 2712 τὸ
1201 2647 1306 2712 λοιπὸν
1320 2647 1441 2732 πλῆθος

370 2768 430 2824 τῶν
452 2757 650 2824 Οδαλεντίνου
674 2757 818 2843 ληρώδων
840 2752 1008 2844 πεπόνων].

441 2885 469 2950 5.
486 2865 599 2930 Ἀλλοι
612 2867 646 2929 δὲ
661 2865 751 2928 πάλιν
762 2867 859 2927 αὐτῶν
870 2865 924 2946 τὴν
936 2861 1055 2947 πρώτην
1066 2865 1118 2926 καὶ
1130 2861 1297 2948 ἀρχέγονον
1308 2862 1441 2947 optutu«

371 2971 486 3048 τούτοις
497 2982 557 3049 τοῖς
568 2969 695 3056 ὀνόμασι
706 2971 878 3054 κεκλήκασι
889 2991 896 3006 ·
909 2978 1025 3053 πρῶτον
1035 2968 1210 3055 Προοιρχὴν,
1221 2971 1326 3034 ἔπειτα
1339 2969 1440 3035 Ἀνεν-

407 3153 449 3219 (1)
468 3150 518 3204 Scl.
538 3149 560 3202 si
579 3149 611 3201 ad
630 3149 744 3218 primam
757 3160 878 3218 quatern.

371 3235 540 3290 iudicandam
553 3244 656 3304 oportet
667 3248 818 3286 sermonem
828 3231 881 3284 usi-

371 3333 457 3374 tatum
476 3319 588 3371 omnino
600 3316 788 3387 transfigurare
807 3327 856 3369 etc.

408 3404 450 3470 (2)
469 3402 519 3455 Hic
538 3402 552 3471 §
571 3400 681 3454 refertur
700 3401 733 3453 ab
748 3399 879 3453 Ernrrnu.

372 3486 458 3552 XXX,
488 3501 512 3553 7,
540 3497 575 3550 et,
594 3485 683 3555 paucis
708 3484 826 3548 mutatis,
848 3484 881 3536 ab

373 3570 447 3623 Hrrr.
474 3569 566 3622 Philus.
592 3567 626 3632 V,
648 3569 693 3636 383
724 3567 768 3621 cfr.
792 3567 879 3620 Tanr.

374 3653 440 3706 Ado.
456 3652 511 3705 Vol.
528 3667 556 3721 35
575 3653 619 3723 qui
639 3669 667 3706 se
686 3651 782 3706 latetur
800 3653 880 3705 malle

372 3737 496 3808 ignorare
514 3754 560 3789 cur
582 3737 709 3807 «singula
728 3736 796 3789 binis
815 3736 881 3789 locis

377 3832 426 3874 net
441 3820 548 3891 quidem
561 3831 618 3872 tam
631 3820 760 3874 intercisis
773 3837 818 3874 seu
829 3821 881 3873 dis-

377 3925 391 3954 «
399 3905 456 3958 sitis
464 3915 638 3958 nascanturn:
650 3921 658 3957 r
670 3915 695 3958 et
708 3920 735 3972 53
747 3903 820 3958 2et6
831 3917 880 3958 etc.

373 4007 403 4042 ac
417 3990 508 4042 irridet
526 3989 564 4041 eis
586 3989 630 4059 qui
659 4008 673 4038 ι(
683 4005 731 4042 nec
751 3989 882 4060 principa-

933 3147 1011 3217 phica
1034 3147 1152 3201 ratione:
1182 3147 1285 3218 singula
1308 3147 1380 3201 enim
1402 3149 1441 3201 bis

934 3231 1006 3286 nasci
1026 3235 1200 3302 (quamquam
1223 3232 1250 3284 id
1273 3249 1329 3285 non
1352 3249 1441 3285 neces·

934 3315 1004 3369 sario
1018 3316 1189 3386 supponitur:
1205 3327 1293 3388 posset
1302 3317 1360 3388 quis
1369 3317 1441 3370 enim

934 3400 1101 3470 interpretari
1131 3417 1157 3452 v.
1178 3417 1204 3472 g.
1224 3401 1331 3454 Archen
1355 3401 1441 3471 primo

934 3484 994 3537 loco
1013 3484 1040 3536 in
1056 3484 1149 3538 ordine
1164 3485 1197 3537 ad
1216 3495 1317 3539 ceteras
1335 3502 1441 3539 emana-

934 3567 1021 3622 tiones
1044 3585 1157 3639 quarum
1176 3579 1216 3622 est
1239 3570 1334 3640 prima,
1355 3569 1441 3623 emitti

934 3652 978 3724 qui
997 3653 1054 3722 ipse
1068 3653 1175 3723 quintus
1187 3665 1226 3706 est
1239 3653 1321 3707 relate
1340 3654 1372 3706 ad
1388 3654 1441 3706 iam

935 3736 1090 3791 exsistentes
1104 3739 1223 3792 Aeones:
1236 3739 1272 3791 ita
1288 3739 1321 3792 de
1336 3739 1442 3804 ceteris3

935 3839 985 3875 nec
997 3839 1071 3875 secus
1082 3835 1214 3876 constaret
1227 3823 1349 3876 Pleroma
1361 3839 1442 3894 ogoa·

936 3905 976 3959 dis
985 3906 1031 3958 sed
1043 3907 1197 3975 dodecadis)
1207 3925 1261 3960 non
1271 3920 1310 3960 est
1321 3907 1442 3978 ignotum

936 3989 984 4060 ipsi
1003 3989 1169 4044 Ptolemaeo:
1188 3991 1223 4043 ita
1240 3991 1278 4044 bis
1291 3991 1360 4062 apud
1372 3989 1443 4044 hunc

377 4085 456 4125 utum
478 4073 565 4145 Bytho
575 4071 718 4125 defendunt
728 4093 753 4125 n.
781 4071 882 4125 Verum
936 4076 1006 4146 ἀρχή
1027 4074 1140 4127 habetur
1161 4075 1275 4147 (Bythos
1303 4087 1328 4129 et
1355 4075 1442 4142 Nous)

373 4157 438 4210 haec
451 4157 542 4210 omnia
555 4173 609 4209 non
623 4169 683 4209 sunt
696 4156 753 4209 sine
766 4157 881 4226 philoso-
937 4158 976 4211 bis
1004 4157 1122 4230 Ogdoas,
1151 4159 1189 4212 bis
1217 4159 1379 4230 Anthropos,
1403 4159 1442 4212 bis
