3230 5062
232 470 308 540 (vu,
327 471 378 540 2).]
657 473 747 519 amen
772 473 884 520 numus
1242 473 1298 538 173

233 663 325 745 latus,
349 663 449 730 multo
480 665 646 745 maiorem,
676 665 782 731 statim
815 663 921 731 dicens
953 665 1012 730 ita:
1039 691 1054 728 o
1070 664 1127 730 Illa
1153 687 1232 752 quae
1255 681 1302 731 est

239 789 338 838 «ante
361 771 479 852 omnia,
503 768 749 859 inexcogitabilis
772 789 803 839 et
826 769 1039 837 inenarrabilis
1065 771 1182 851 Gratia,
1202 770 1302 837 adim·

236 905 252 942 σ
267 878 347 966 pleat
365 893 456 944 tuum
475 878 559 943 intus
574 877 749 958 hominem,
764 894 795 944 et
814 877 998 965 multiplicet
1013 878 1045 943 in
1060 894 1091 943 te
1108 879 1301 965 agnitionem

235 1013 253 1050 ιι
267 1007 368 1066 suam,
391 985 584 1050 inseminans
609 1005 743 1071 granum
767 985 882 1073 sinapis
906 985 939 1050 in
962 983 1078 1050 bonam
1102 999 1217 1050 terram
1233 984 1302 1048 ab)

234 1092 272 1158 Et
294 1092 365 1158 talia
383 1089 536 1178 quaedam
555 1087 672 1174 dicens,
692 1107 722 1158 et
741 1091 772 1157 in
789 1091 942 1157 insaniam
964 1091 1091 1156 mittens
1115 1089 1203 1156 illam
1222 1089 1273 1157 inf
1287 1131 1303 1141 -

234 1198 338 1278 licem,
349 1195 540 1264 admirabilia
557 1197 673 1264 faciens
689 1200 839 1286 apparuit,
855 1196 980 1286 quando
996 1199 1098 1264 maio'r
1112 1197 1191 1263 calix
1203 1195 1303 1264 adim-

234 1305 334 1394 pletus
364 1321 412 1370 est
444 1302 623 1372 deminuti
648 1304 753 1387 calice,
781 1320 815 1371 ut
846 1321 876 1371 et
900 1303 1167 1392 supereffunderet
1191 1329 1228 1372 ex
1253 1328 1301 1372 eo,

236 1411 273 1477 Et
295 1412 354 1478 alia
376 1409 529 1500 quaedam
553 1410 601 1478 his
619 1412 734 1478 similia
755 1411 882 1494 faciem,
898 1413 1116 1478 exterminavit
1125 1412 1158 1466 (²)
1174 1413 1302 1494 multos,

233 1535 265 1584 et
284 1516 430 1584 abstraxit
453 1534 523 1606 post
547 1541 591 1585 se.

303 1645 332 1710 3.
357 1625 458 1690 Datur
480 1641 587 1690 autem
609 1624 752 1712 intelligi,
771 1647 843 1690 eum
868 1641 898 1690 et
921 1623 1110 1691 daemonem
1133 1622 1302 1711 quemdam

234 1729 399 1819 paredrum
408 1731 442 1784 (Ξ)
453 1729 577 1812 habere,
587 1753 744 1819 perquem
758 1731 824 1818 ipse
839 1753 964 1820 quoque
976 1730 1161 1818 prophetare
1169 1732 1302 1812 videtur,

234 1854 265 1903 et
287 1852 442 1926 quotquot
459 1835 570 1924 dignas
593 1854 679 1925 putat
703 1836 771 1904 lieri
794 1838 957 1926 participes
981 1859 1055 1903 suae
1074 1838 1210 1920 Gratiae,
1231 1859 1303 1926 pro-

235 1943 360 2032 phetare
385 1943 467 2010 facit.
513 1944 654 2010 Maxime
676 1945 762 2010 enim
786 1945 867 2011 circa
894 1945 1041 2011 mulieres
1064 1962 1164 2025 uacat,
1188 1961 1219 2010 et
1242 1944 1303 2010 hoc

234 2168 287 2243 της
309 2161 448 2242 γυναικὸς
465 2157 736 2245 ηύχαριστημένου,
753 2159 795 2237 εἰς
809 2162 844 2223 τὸ
862 2157 915 2223 ὑπ’
926 2161 1019 2225 αὐτοῦ
1042 2157 1304 2243 κεκομισμημένον

235 2264 383 2350 ἐπιλέγων
404 2269 468 2350 ἅμα
497 2269 605 2343 ούτιυς·
637 2291 652 2326 ιι
665 2265 706 2330 ‘H
730 2269 787 2350 πρὸ
809 2275 869 2330 τῶν
892 2265 980 2348 ὅλων,
1004 2267 1024 2350 ἡ
1047 2262 1224 2349 ἀνεννόητος
1252 2267 1305 2329 καί

241 2372 395 2457 ιάρρητος
417 2371 514 2457 Χάρις
536 2371 695 2456 πληρώσαι
717 2391 774 2436 σου
795 2375 846 2436 τὸν
869 2372 930 2435 ἔσω
959 2371 1130 2455 ἄνθρωπον,
1154 2374 1208 2435 καὶ
1229 2371 1305 2456 πλη-

237 2505 254 2540 ιι
268 2479 357 2544 θύνοιι
375 2481 408 2543 ἐν
423 2482 472 2543 ool
488 2482 542 2563 την
559 2489 668 2565 γνῶσιν
685 2481 787 2563 αὐτῆς,
811 2479 1093 2564 ἐγκατασπεύρουσα
1116 2483 1168 2544 τὸν
1190 2479 1304 2544 κύκνον

238 2611 254 2648 ιι
268 2595 320 2650 τοῦ
335 2586 483 2662 σινάπεως
498 2586 540 2663 εἰς
554 2588 608 2670 την
623 2586 745 2670 ἀγαθὴν
759 2595 818 2670 γῆν
832 2610 860 2650 υ.
909 2587 971 2651 Καὶ
985 2586 1108 2650 τοιαῦτά
1121 2607 1187 2649 τινοι
1202 2586 1302 2666 εἰπὼν,

234 2695 287 2756 καὶ
308 2691 501 2776 ἐξοιστρύστς
522 2695 576 2777 την
597 2691 795 2777 ταλαίπωρον,
819 2692 1047 2776 θαυματοποιὸς
1076 2691 1219 2775 ἀνεφάνη,
1251 2701 1304 2755 τοῦ

236 2799 370 2884 μεγάλου
388 2797 600 2881 πληρωθέντος
623 2798 660 2861 ἐκ
677 2805 731 2861 τοῦ
750 2807 855 2882 μικροῦ
875 2797 1028 2882 ποτηρίου,
1049 2798 1128 2863 ὥστε
1146 2799 1199 2861 οιαὶ
1217 2799 1304 2882 ὑπερ

236 2905 398 2990 εκχεῖσθαι
416 2903 449 2982 ἐξ
462 2907 563 2968 αὐτοῦ.
612 2904 674 2968 Καὶ
687 2903 768 2968 ἄλλα
781 2907 846 2968 τινὰ
861 2905 974 2982 τούτοις
993 2904 1193 2988 παραπλήσια
1211 2913 1304 2968 ποιῶν

235 3009 406 3096 ἐξηπάτησε
424 3011 566 3090 πολλούς,
584 3013 636 3075 καὶ
653 3009 832 3094 ἀπαμήσχεν
851 3009 947 3075 ὀπίσω
966 3012 1069 3075 αὑτοῦ.

304 3137 333 3202 3.
357 3117 450 3194 Εἰκὸς
472 3118 505 3180 δὲ
527 3119 617 3181 αὐτὸν
639 3119 692 3181 καὶ
713 3115 840 3200 δαίμονά
858 3138 923 3181 τινα
941 3116 1089 3202 πάρεδρον
1108 3117 1200 3200 ἔχειν,
1219 3113 1257 3179 δι’
1270 3119 1304 3179 σύ

236 3222 324 3302 ὠτός
346 3247 378 3288 τε
402 3225 597 3310 προφητεύειν
620 3224 713 3305 δοκεῖ,
735 3225 788 3287 καὶ
811 3226 884 3301 ύσας
907 3222 991 3301 ἀξίας
1013 3223 1130 3308 ἡγεῖται
1158 3222 1305 3308 μετόχους

235 3342 288 3416 τῆς
311 3331 443 3414 Χάριτος
460 3333 562 3412 αὐτοῦ,
581 3330 776 3418 προφητεύειν
797 3340 884 3395 ποιεῖ.
932 3329 1073 3394 Μάλιστα
1091 3333 1150 3414 γὰρ
1167 3332 1236 3416 περὶ
1254 3353 1305 3414 γυ-

236 3530 325 3593 τηρίον
346 3532 395 3593 τῆς
416 3523 555 3594 εὐλογίας)
580 3525 603 3594 (Ι
625 3524 685 3578 Cor.
708 3524 742 3590 X,
834 3527 875 3594 (3)
895 3524 935 3578 De
955 3525 996 3578 his
1022 3525 1107 3579 adhuc
1129 3542 1150 3578 c.
1170 3525 1268 3590 XXllI,
1290 3541 1302 3594 3

239 3609 291 3678 16).
329 3611 368 3664 lta
387 3609 512 3664 Hanvrt.
797 3607 857 3675 (cfr.
877 3608 1018 3662 Tantum.
1040 3609 1132 3662 Dean.
1148 3609 1180 3661 28
1196 3620 1222 3662 et
1237 3608 1305 3679 Apo-

271 3697 314 3764 (1)
332 3695 435 3749 Alludlt
460 3695 493 3748 ad
515 3695 605 3748 Mane.
625 3693 672 3759 IV,
694 3708 741 3762 31:
798 3694 869 3764 logct.
890 3695 948 3763 23);
970 3707 1031 3747 sunt
1051 3695 1095 3749 scl.
1115 3697 1240 3764 πάρεδροι
1259 3711 1304 3746 seu

236 3789 265 3832 ut
283 3780 355 3833 enim
374 3797 488 3851 granum
504 3778 602 3850 sinapis
621 3778 648 3832 in
668 3780 744 3831 arbo·
798 3778 954 3831 adsistentes
987 3778 1131 3830 daemones
1161 3776 1305 3830 familiares

237 3881 293 3918 rem
306 3865 408 3928 crescit,
417 3863 454 3917 ita
463 3864 654 3935 multiplicatur
667 3863 744 3928 calix,
798 3879 843 3931 per
862 3879 927 3932 quos
954 3863 1037 3914 multa
1062 3860 1128 3913 fiunt
1148 3861 1190 3913 vel
1209 3877 1304 3930 sugge-

236 3963 268 4000 ac
285 3947 438 4018 symbolum
466 3945 495 4000 lit
517 3947 644 4000 adauctae
666 3946 744 4018 agni·
799 3957 892 3998 runtur
904 3945 962 4012 (cfr.
976 3943 1083 4015 Apolog.
1100 3942 1237 4010 Βοιωτίης
1253 3943 1304 3996 dis-

236 4031 317 4085 tionis
335 4043 362 4084 et
380 4031 488 4102 perlecti
507 4031 623 4084 luminis.
798 4031 954 4100 tinguuntur
981 4031 1013 4082 ab
1042 4027 1232 4096 oniropompis‚
1260 4027 1304 4097 qui

272 4117 315 4184 (2)
344 4115 395 4169 Scl.
423 4133 455 4170 ex
482 4115 598 4170 termino
626 4115 743 4185 (limine)
798 4125 902 4168 tantum
922 4113 1025 4166 somnia
1051 4111 1208 4164 immittunt.
1246 4109 1305 4162 Uti-

236 4199 369 4253 Ecclesiae
387 4199 496 4254 abduxit
542 4198 596 4253 Csr.
612 4215 699 4271 graec.
797 4198 858 4252 liter
872 4196 990 4251 conferes
1009 4195 1138 4249 iambicos
1154 4212 1176 4248 c.
1192 4193 1244 4245 XV
1259 4192 1304 4248 lin.
