3274 5100
357 410 418 494 318
645 425 773 472 menter
798 427 957 474 novemus
981 427 1135 474 nneneses
1209 425 1421 495 [111‚1-2-1v,1

353 624 439 689 enirn
463 621 533 688 illos
556 621 733 688 necessario
756 643 892 688 vacuum
916 621 1030 708 aliquid
1055 638 1086 687 et
1109 619 1245 686 informe
1270 620 1422 702 confiteri,

353 731 472 816 inquo
496 727 681 793 fabricatum
700 743 747 793 est
770 726 830 792 hoc
854 725 938 813 quod
966 743 1013 792 est
1037 728 1232 808 universum,
1255 726 1336 794 infra
1362 729 1425 816 spi-

354 835 440 901 ritale
465 835 628 912 Pleroma;
652 850 683 899 et
706 832 842 900 informe
866 832 937 914 hoc,
961 849 1067 900 utrum
1090 834 1281 921 praesciente
1305 834 1425 922 Propa-

352 962 420 1010 tore
443 965 522 1031 quae
545 943 577 1006 in
601 964 639 1006 eo
672 939 775 1007 futura
805 955 902 1021 erant,
927 964 964 1006 ex
988 939 1091 1008 studio
1118 942 1162 1020 sic
1179 925 1359 1029 reliquisse,
1383 965 1424 1007 an

353 1047 539 1136 ignorante?
584 1047 623 1112 Et
639 1047 665 1112 si
681 1047 808 1133 quidem
828 1047 1002 1134 ignorante,
1027 1047 1089 1112 iant
1113 1069 1179 1112 non
1202 1049 1346 1114 omniurn
1365 1049 1425 1113 erit

353 1155 509 1242 praescius
525 1154 627 1234 Deus;
647 1153 700 1220 sed
721 1175 777 1219 nec
801 1152 929 1241 quidem
953 1175 1080 1219 causam
1103 1151 1231 1222 reddere
1254 1153 1423 1234 habebunt,

354 1278 593 1348 propterquam
613 1258 816 1340 rem,locum
840 1259 923 1325 hunc
947 1258 1142 1349 temporibus
1165 1261 1258 1328 tantis
1283 1262 1424 1326 otiosum

354 1369 397 1433 sic
422 1367 554 1454 reliquit.
602 1368 635 1433 Si
651 1384 755 1433 autem
772 1367 929 1454 praescius
948 1383 1005 1447 est,
1022 1383 1052 1433 et
1071 1385 1177 1434 mente
1193 1369 1424 1455 contemplatus

353 1493 400 1543 est
423 1497 492 1540 eam
518 1474 743 1554 conditionem,
766 1475 894 1562 quaein
913 1497 952 1540 eo
970 1496 1009 1540 eo
1028 1474 1100 1541 loco
1121 1473 1221 1541 futura
1246 1492 1337 1555 esset,
1356 1477 1423 1563 ipse

353 1581 424 1649 lecit
447 1604 518 1646 eam
540 1581 593 1669 qui
617 1581 712 1646 etiam
737 1580 958 1668 praeformavit
981 1603 1051 1647 eam
1077 1582 1109 1647 in
1133 1582 1313 1670 semetipso.

420 1707 449 1754 2.
470 1688 644 1769 Quiescant
660 1688 754 1775 igitur
773 1685 875 1754 dicere
892 1685 929 1753 ab
947 1687 1008 1753 alio
1024 1687 1142 1754 factum
1159 1711 1227 1754 esse
1247 1688 1421 1756 mundum:

353 1795 446 1861 simul
470 1795 556 1860 enirn
573 1817 608 1860 ac
625 1810 729 1860 mente
745 1795 825 1882 cepit
837 1795 870 1847 (¹)
888 1795 987 1876 Deus,
1012 1812 1041 1860 et
1066 1794 1183 1862 factum
1200 1811 1247 1861 est
1262 1794 1322 1862 hoc
1338 1793 1423 1882 quod

353 1917 457 1968 mente
481 1916 674 1988 conceperat.
722 1901 789 1968 Nec
809 1901 894 1966 enim
919 1897 1066 1988 possibile
1090 1918 1154 1967 erat
1174 1902 1271 1967 alium
1295 1889 1423 1990 quidem

353 2024 458 2073 mente
474 2008 649 2094 concipere,
666 2007 764 2072 alium
783 2029 859 2072 vero
877 2005 987 2086 facere,
1007 2005 1137 2095 quae-ab
1153 2007 1208 2074 illo
1226 2025 1331 2074 mente
1347 2030 1424 2074 con-

353 2129 441 2201 cepta
464 2112 594 2179 fuerant.
642 2113 702 2179 Sed
727 2130 778 2179 aut
799 2130 961 2180 aeternum
982 2114 1137 2181 mundum
1158 2131 1263 2180 mente
1281 2117 1424 2202 concepit

354 2218 527 2288 secundum
562 2243 617 2286 eos
653 2220 825 2288 haereticos
860 2221 958 2301 Deus,
994 2237 1045 2288 aut
1083 2223 1309 2309 temporalem:
1344 2244 1423 2309 quae

354 2345 482 2414 utraque
506 2325 705 2394 incredibilia.
754 2326 814 2393 Sed
838 2328 863 2393 si
887 2327 1014 2416 quidem
1039 2346 1201 2395 aeternum
1225 2353 1298 2394 eum
1318 2345 1423 2395 mente

353 2434 505 2520 concepit,
530 2451 560 2499 et
584 2434 755 2522 spiritalem
779 2450 809 2499 et
832 2433 1000 2516 visibilem,
1031 2435 1100 2502 talis
1125 2453 1156 2502 et
1179 2434 1279 2502 factus
1303 2434 1422 2501 fuisset.

353 2541 384 2607 Si
409 2557 513 2606 autent
537 2540 606 2606 talis
630 2540 729 2628 qualis
745 2557 802 2621 est,
818 2557 848 2607 et
864 2541 930 2629 ipse
946 2540 1019 2608 fecit
1034 2566 1107 2608 eum
1131 2543 1239 2624 talem,
1258 2543 1312 2631 qui
1328 2542 1422 2609 talem

351 2648 478 2735 quidem
511 2664 616 2713 mente
645 2664 846 2736 conceperat3
872 2665 924 2715 aut
948 2649 979 2714 in
1003 2651 1177 2736 praesentia
1200 2651 1300 2716 Patris
1323 2650 1424 2715 voluit

351 2778 419 2819 esse
443 2777 516 2819 eum
536 2754 710 2820 secundum
727 2755 841 2821 mentis
858 2756 1097 2842 conceptionem
1116 2756 1222 2836 talem,
1239 2774 1269 2822 et
1289 2779 1422 2844 compo-

352 2862 458 2941 situm,
478 2878 508 2926 et
532 2859 727 2941 mutabilem,
747 2878 777 2927 et
800 2862 1070 2928 transeuntem.(²l
1115 2863 1229 2944 Quum
1252 2879 1358 2929 autent
1383 2865 1423 2929 sit

351 2968 430 3050 talis,
443 2968 567 3056 qualem
581 2969 673 3034 Pater
684 2967 916 3034 deformaverat
929 2968 1008 3056 apud
1022 2969 1238 3057 semetipsum,
1254 2967 1381 3058 dignam
1390 2971 1424 3022 (³)

389 3148 430 3214 (1)
450 3150 478 3198 ἐν
491 3153 523 3213 τῇ
537 3145 626 3213 ἐννοίᾳ
641 3149 751 3213 §leben
766 3147 860 3200 allusio

353 3231 460 3283 evidens
477 3232 509 3283 ad
526 3231 637 3295 Licinn,
653 3246 681 3284 2:
698 3247 858 3300 «perquam

357 3315 457 3368 «initio
467 3326 557 3368 mente
566 3315 687 3385 concepit
701 3317 809 3384 angelos
823 3314 836 3367 f
849 3346 860 3355 ·

357 3419 370 3446 «ι
381 3416 440 3452 cere
450 3411 475 3452 et
485 3400 658 3469 archangelos
669 3421 694 3452 n.
731 3399 784 3452 Cir.
796 3417 860 3470 quo-

354 3500 404 3553 que
424 3501 480 3554 sqq.

389 3567 429 3636 (2)
450 3567 469 3620 l.
489 3584 511 3620 e.
530 3569 660 3621 mundum
674 3567 760 3621 Deum
776 3569 860 3620 voluit

354 3669 410 3704 esse
429 3654 472 3705 vel
491 3665 694 3723 temporaneum
717 3654 757 3706 vel
778 3665 861 3706 aeter-

353 3755 432 3789 num:
454 3749 591 3790 aeternum
612 3749 710 3801 autem,
732 3737 803 3790 dicas
822 3738 861 3790 vi-

353 3822 467 3884 sibilem,
480 3822 551 3874 dicas
566 3821 725 3874 invisibilem
746 3839 791 3874 seu
810 3821 862 3892 spi·

355 3906 468 3970 sitalem,
482 3924 536 3958 non
552 3908 646 3971 voluit,
668 3907 728 3976 quia
749 3907 809 3958 talis
825 3906 863 3958 sa·

354 4002 411 4043 ctus
435 3990 540 4044 fuisset:
567 4004 770 4062 temporaneum
798 4009 863 4061 ergo

355 4076 438 4127 voluit
458 4076 532 4128 illuni
553 4093 597 4129 seu
616 4076 697 4128 talem
723 4076 806 4146 qualis
825 4075 862 4128 fa-

355 4171 411 4212 ctus
431 4173 484 4214 est:
504 4173 566 4214 tunc
582 4177 654 4224 vero,
670 4173 714 4213 aut
731 4160 786 4230 ipse
801 4160 862 4213 lecit

913 3161 973 3200 eum
993 3149 1083 3211 talem,
1098 3161 1124 3200 et
1143 3159 1207 3200 tunc
1223 3147 1293 3200 nulla
1310 3146 1423 3201 difficul-

913 3244 969 3296 tus3
989 3243 1033 3285 aut
1061 3232 1142 3285 talem
1171 3231 1233 3285 fecit
1261 3233 1336 3295 alter,
1359 3245 1421 3303 puta

915 3315 1082 3387 Demiurgus.
1118 3319 1153 3370 At
1167 3317 1194 3370 in
1207 3317 1257 3370 hac
1270 3317 1422 3388 hypothesi,

915 3418 995 3471 quum
1008 3401 1037 3454 in
1050 3401 1198 3472 praesentia
1211 3401 1261 3454 Dei
1275 3402 1317 3455 hic
1333 3415 1423 3472 ageret

915 3489 960 3553 (ex
979 3501 1042 3538 mox
1062 3486 1159 3552 dictis),
1171 3502 1226 3538 non
1239 3486 1324 3556 potuit
1338 3485 1425 3539 lacere
1443 3487 1445 3490 ’

915 3580 1118 3640 temporaneum
1148 3570 1211 3622 dum
1242 3570 1314 3623 Deus
1342 3571 1424 3623 vellet

915 3666 1051 3706 aeternum
1072 3654 1211 3722 (ubinam
1235 3654 1285 3707 Dei
1304 3655 1425 3725 omnipo·

915 3738 1029 3806 tentiai)
1054 3739 1100 3791 sed
1123 3738 1206 3792 voluit
1226 3755 1283 3792 esse
1301 3755 1364 3791 eum
1383 3755 1423 3791 se-

917 3822 1031 3875 cundum
1048 3823 1145 3876 mentis
1159 3823 1313 3892 (Patemae)
1330 3839 1425 3876 conce·

917 3907 1045 3977 ptionem,
1074 3907 1090 3960 i.
1119 3924 1141 3960 e.
1170 3907 1349 3977 compositum
1374 3919 1424 3961 etc.

917 3991 1012 4044 Cetera
1037 3991 1145 4062 liquent.
1200 3991 1254 4044 Clr.
1283 3991 1425 4045 Teanum.

918 4075 1001 4128 Marc.
1018 4076 1037 4138 l,
1056 4091 1140 4146 r3-14
1155 4089 1182 4129 et
1197 4075 1310 4130 Prorrv.
1326 4076 1343 4128 1.
1357 4093 1380 4129 c.
1396 4077 1422 4128 8.

955 4162 997 4228 (3)
1016 4160 1143 4212 Subaudi:
1163 4162 1281 4231 sequitur.
