3288 5060
226 457 416 527 (x1,3-x11).]
648 459 738 505 arnan
762 458 875 504 nunus
968 471 973 478 ·
1230 457 1293 524 227

226 653 393 722 convitatis
417 654 567 740 primum,
591 669 623 719 et
645 676 701 741 per
723 651 841 744 David]
851 653 884 706 (¹)
906 655 959 741 qui
991 652 1117 740 triginta
1127 651 1160 704 (²)
1186 651 1295 718 diebus

226 756 475 826 abscondebatur
497 757 529 823 in
552 780 640 846 agro,
664 775 694 824 et
717 781 771 846 per
794 781 849 825 eos
872 759 1017 847 quicum
1041 781 1079 824 eo
1102 758 1295 824 intraverunt

229 865 260 930 in
288 864 482 952 speluncam,
505 882 535 930 et
559 882 685 952 propter
715 863 745 931 id
778 863 863 954 quod
887 862 1051 952 longitudo
1081 863 1174 930 fuerit
1197 866 1295 931 sancti

227 967 416 1037 tabernaculi
436 971 563 1058 triginta
586 969 776 1038 cubitorum.
790 971 823 1024 (³)
869 971 907 1036 Et
927 992 1144 1058 quaecumque
1163 971 1221 1036 alia
1246 993 1295 1036 ae-

226 1077 330 1166 qualia
355 1078 496 1144 numeris
520 1076 569 1144 bis
592 1078 805 1158 inveniuntur,
825 1076 1050 1144 triacontadem
1076 1079 1218 1165 ipsorum
1242 1099 1297 1164 per

229 1181 412 1249 huiusmodi
431 1181 600 1249 ostendunt
619 1183 875 1249 asseverationes.

298 1378 516 1460 Can.XIX,1.
555 1377 764 1469 [WH.XII].
804 1379 1296 1460 Quaunnuonuumcoounun

229 1505 372 1552 onurnus
381 1505 559 1552 cossurus
572 1506 735 1552 moueatur
747 1487 928 1552 Ριτιιειιύ)
960 1487 1182 1554 Necessarium
1192 1502 1296 1552 autem

226 1592 302 1659 duxi
322 1589 434 1658 addere
448 1591 508 1673 his,
532 1607 562 1658 et
584 1609 699 1680 quanta
716 1591 755 1659 de
774 1593 944 1680 Propatore
964 1593 1117 1680 ipsorum,
1136 1594 1189 1680 qui
1210 1593 1298 1658 inco-

228 1699 335 1786 gnitus
368 1714 433 1764 erat
456 1697 604 1766 omnibus
635 1716 704 1765 ante
728 1697 898 1765 adventum
931 1698 1061 1780 Christi,
1085 1699 1236 1786 eligentes
1259 1697 1298 1765 de

230 1806 398 1893 Scripturis
422 1803 550 1872 suadere
569 1805 773 1886 contendunt,
797 1823 830 1872 ut
849 1803 1015 1872 ostendant
1038 1807 1216 1872 Dominum
1241 1829 1300 1872 no-

229 1929 331 1977 strum
346 1911 480 1978 alterum
494 1913 683 1978 annunciare
694 1913 819 1978 Patrem
832 1929 951 2000 praeter
971 1911 1189 1979 fabricatorem
1206 1911 1299 1978 huius

230 2018 457 2083 universitatis:
473 2041 579 2106 quem,
595 2019 675 2084 sicut
690 2016 912 2106 praediximus,
926 2019 1023 2106 impie
1038 2016 1299 2106 blasphemantes

231 2123 308 2190 labis
325 2121 463 2190 fructum
475 2147 543 2190 esse
555 2123 671 2191 dicunt.
719 2123 908 2212 Prophetam
933 2126 1030 2212 igitur
1053 2125 1178 2191 Esaiam
1193 2123 1301 2191 dicen-

230 2321 354 2406 κλητοῖς
371 2329 497 2405 πρῶτον,
516 2323 568 2384 καὶ
586 2321 635 2384 διὰ
655 2319 758 2406 Δαβὶδ,
774 2323 824 2385 ὅτε
839 2319 888 2384 ἐπὶ
904 2319 1061 2404 τριάκοντα
1076 2319 1201 2405 ἡμέραις
1216 2320 1300 2405 ἐκρύ-

232 2428 302 2514 βετο
320 2429 352 2490 ἐν
370 2435 411 2510 τῷ
430 2429 523 2512 ἀγρῷ,
542 2429 595 2491 καὶ
612 2428 662 2490 διὰ
679 2437 737 2491 τῶν
754 2425 1009 2492 συνεισελύύντων
1024 2428 1104 2508 αύτῷ
1120 2427 1161 2503 εἰς
1176 2430 1211 2491 τὸ
1226 2427 1300 2510 στιν,-

232 2534 315 2598 λαιον
330 2533 370 2614 λ’,
386 2537 439 2598 καὶ
456 2535 505 2598 διὰ
522 2537 556 2599 τὸ
572 2543 669 2620 μῆκος
684 2533 823 2620 γίνεσθαι
840 2542 894 2618 της
911 2531 1000 2618 ἁγίας
1014 2543 1128 2618 σκηνῆς
1142 2533 1301 2619 τριάκοντα

231 2651 356 2725 ιιηγιῑιν·
380 2643 433 2704 καὶ
450 2643 478 2705 εἷ
491 2663 555 2705 τινα
570 2640 651 2704 ἄλλα
668 2641 813 2725 ἰσάριθμα
828 2640 942 2716 τούτοις
961 2638 1139 2724 εὑρίσκεται,
1155 2641 1208 2723 την
1223 2661 1300 2725 τρια-

230 2747 364 2814 κοντιίδα
382 2751 479 2813 αι’νιῶν
497 2749 546 2813 διὰ
564 2759 623 2812 τῶν
640 2748 780 2812 τοιούτων
798 2747 997 2812 ἐπιδεικνύναι
1015 2747 1241 2831 ριλεριστούσιν.

300 2941 391 3024 XIX,
408 2962 434 3006 t.
482 2940 664 3026 Ἀναγκαῖον
683 2943 716 3004 δὲ
735 2941 897 3026 ἡγησάμην
919 2941 1096 3026 προσθεῖναι
1116 2940 1229 3017 τούτοις
1249 2943 1303 3006 καὶ

232 3051 291 3112 ὅσα
305 3050 373 3134 περὶ
390 3059 443 3113 τοῦ
460 3048 655 3134 Προιτάτορος
669 3049 777 3128 αὐτῶν,
795 3049 828 3124 ὃς
844 3048 998 3134 ἄγνωστος
1012 3049 1049 3131 ἦν
1071 3056 1129 3124 τοῖς
1153 3057 1227 3111 τοῖσι
1244 3051 1302 3132 πρὸ

233 3165 286 3238 της
303 3164 356 3218 τοῦ
372 3155 505 3238 Χριστοῦ
520 3155 693 3239 παρουσίας,
711 3153 887 3238 ἐκλέγοντες
906 3153 942 3218 ἐκ
961 3163 1019 3218 τῶν
1039 3153 1167 3238 Γραφῶν
1185 3153 1302 3218 πείθειν

234 3264 445 3348 ἐπιχειροῦσιν,
468 3261 505 3328 ἵν’
522 3261 689 3340 ἐπιδείξωσι
712 3265 762 3326 τὶν
786 3261 898 3348 Κύριον
920 3262 1005 3346 ἡμῶν
1022 3260 1117 3326 ἄλλον
1134 3260 1302 3346 καταγγέλ-

233 3369 325 3432 λοντα
350 3367 473 3454 Πατέρα
494 3372 577 3453 παρὰ
594 3373 645 3432 τὸν
662 3371 789 3452 ποιητὴν
806 3369 894 3432 τοῦδε
914 3376 966 3431 τοῦ
985 3364 1112 3444 παντὸς·
1133 3368 1176 3450 ὃν,
1196 3367 1302 3444 καθὼς

233 3473 416 3560 τιροέραμεν,
432 3473 620 3562 ἀσεβοῦντες,
632 3475 836 3559 ὑστερήματος
847 3477 964 3557 καρπὸν
976 3475 1048 3538 εἶναι
1060 3473 1193 3558 λέγουσι.
1241 3473 1302 3538 Τὸν

271 3679 310 3744 (1)
330 3675 436 3729 Lacuna
449 3693 482 3730 ex
494 3677 595 3747 graecis
609 3677 747 3748 impletur:
798 3678 876 3741 bent;
897 3689 923 3730 et
945 3683 993 3730 tres
1008 3689 1113 3731 tantum
1136 3678 1179 3748 qui
1199 3679 1303 3748 spelun-

235 3774 294 3812 xxx
314 3759 441 3814 convivas
464 3761 475 3813 I
495 3761 556 3832 Καρ.
580 3761 626 3825 ΙΧ,
653 3777 685 3814 22
710 3779 743 3815 ex
798 3779 857 3814 cam
877 3762 987 3833 ingressi
1002 3774 1070 3815 sunt.
1108 3763 1302 3831 Atp(3)cum

233 3856 309 3898 textu
329 3844 401 3898 hebr.
421 3857 448 3898 et
463 3844 542 3917 Vulg.
557 3857 650 3898 contra
671 3845 742 3899 LXX
798 3849 890 3914 λ(γο)
907 3845 981 3900 facile
1000 3847 1158 3900 commutari
1175 3845 1266 3916 potuit.

235 3929 313 3997 (ύστῑ
331 3932 529 3998 ἐβδομήκοντα)
547 3943 694 3984 enumerat.
833 3933 873 4000 (3)
894 3929 977 3984 Exod.
998 3929 1097 3996 XXVI,
1120 3931 1145 3982 8.

272 4013 314 4081 (a)
333 4013 344 4066 I
363 4014 425 4086 Καρ.
452 4014 513 4079 ΧΧ,
536 4029 546 4081 5
575 4027 601 4070 et
629 4015 653 4067 II
682 4015 742 4086 Καρ.
834 4017 876 4083 (4)
888 4015 1303 4068 Inmss.Dnnnoemnoussua

234 4095 334 4162 XXIII,
358 4114 398 4168 13,
425 4110 452 4152 ar
477 4098 557 4154 falsae
584 4100 740 4153 citationes:
797 4114 913 4159 Quanta
928 4115 1032 4152 mcum
1048 4115 1082 4152 er
1097 4113 1218 4152 sactum
1233 4100 1303 4169 cplm

234 4185 284 4234 Ires
299 4193 404 4236 tantum
423 4183 480 4238 dies
495 4199 589 4237 omnes
604 4183 680 4238 codd.
696 4184 742 4236 ha·
797 4183 869 4236 XVI.
907 4184 959 4238 Csr.
980 4185 1179 4255 inscriptionem
1195 4202 1216 4237 c.
1230 4183 1303 4237 XXI.
