3230 5062
334 435 395 502 142
618 436 746 484 IRENAEI
771 437 930 484 ADVERSUS
954 437 1108 482 HAERESES
1188 433 1272 504 [Vlll,
1289 433 1397 501 5-IX,2

334 659 351 696 ι(
365 633 442 699 tavit
458 633 490 698 in
506 630 608 711 nobis,
627 647 658 698 et
676 631 813 699 vidimus
832 631 966 719 gloriam
983 633 1062 714 eius,
1073 631 1210 719 gloriam
1224 632 1314 718 quasi
1330 631 1400 696 uni-

336 765 352 802 «
362 739 459 827 geniti
472 761 490 804 a
501 738 602 819 Patre,
611 737 740 826 plenum
752 739 849 825 gratia
862 753 892 804 et
904 739 1032 805 veritate
1044 737 1089 828 »).
1121 736 1297 825 Diligenter
1305 738 1400 826 igitur

330 845 467 913 ostendit
478 846 614 934 primam
633 845 915 934 quaternationem,
927 845 1053 911 Patrem
1068 843 1186 926 dicens,
1199 861 1230 910 et
1246 845 1399 923 Gratiam,

332 969 362 1018 et
385 952 613 1038 Monogenem,
638 966 668 1016 et
690 951 876 1017 Veritatem.
941 952 991 1019 Sic
1022 951 1155 1018 Ioannes
1177 950 1217 1018 de
1244 952 1346 1038 prima
1369 966 1400 1016 et

331 1074 431 1125 matre
450 1060 596 1125 omnium
612 1059 761 1124 Aeonum
776 1057 918 1146 ogdoade
937 1055 1023 1124 dixit.
1071 1059 1196 1125 Patrem
1213 1060 1299 1124 enim
1312 1055 1399 1139 dixit,

331 1180 362 1230 et
373 1164 562 1245 Gratiam,et
573 1163 801 1252 Monogenem,
810 1180 839 1230 et
848 1161 1231 1245 Veritatem,etVerbum,
1241 1180 1271 1228 et
1281 1164 1399 1244 Vitam,

332 1289 363 1338 et
378 1271 564 1353 Hominem,
581 1288 612 1337 et
623 1270 806 1338 Ecclesiam.
848 1269 887 1336 Et
903 1270 1103 1337 Ptolemaeus
1118 1268 1246 1360 quidem
1264 1268 1356 1336 ita.(¹)

378 1467 457 1534 Car.
476 1465 535 1548 IX,
559 1487 585 1530 1.
632 1463 739 1556 [WH.
764 1465 793 1547 I,
819 1463 884 1554 19].
932 1463 1040 1546 Vides,
1058 1466 1164 1553 igitur,
1187 1464 1399 1547 dilectissime,

332 1571 668 1660 adinventionem,qua
677 1587 798 1638 utentes
807 1571 959 1639 seducunt
969 1573 1165 1660 semetipsos,
1174 1571 1399 1638 calumniantes

331 1679 509 1766 Scripturis,
529 1675 689 1744 fictionem
709 1701 799 1744 suam
818 1701 855 1744 ex
870 1678 916 1744 eis
932 1695 1074 1744 constare
1090 1679 1275 1744 annitentes.
1323 1678 1401 1744 Pro-

332 1801 399 1872 pter
422 1784 483 1851 hoc
507 1785 593 1851 enim
608 1800 637 1850 et
654 1784 735 1871 ipsas
758 1805 870 1850 eorum
893 1783 1023 1871 adposui
1047 1785 1174 1850 astutias
1189 1801 1221 1850 et
1237 1782 1400 1865 dictiones,

332 1907 366 1957 ut
389 1915 427 1958 ex
450 1893 494 1957 eis
517 1889 696 1958 consideres
720 1890 872 1957 malitiam
896 1891 1086 1957 inuentionis
1109 1907 1139 1957 et
1163 1892 1331 1978 nequitiam
1352 1914 1402 1957 er-

332 2001 423 2066 roris.
470 2000 580 2066 Primo
599 2000 696 2080 enim,
712 2000 738 2064 si
758 2001 955 2087 propositum
975 2018 1057 2066 esset
1076 1999 1195 2080 Ioanni,
1215 2000 1302 2065 illam
1321 2022 1401 2087 quae

332 2128 460 2172 sursum
492 2123 539 2172 est
571 2107 807 2172 octonationem
837 2104 1012 2186 ostendere,
1039 2105 1182 2173 ordinem
1214 2104 1401 2173 custodisset

333 2214 439 2301 utique
455 2214 634 2279 emissionis
650 2229 680 2278 et
696 2212 832 2300 primam
848 2215 1129 2300 quaternationem,
1142 2237 1242 2302 quum
1255 2215 1295 2278 sit
1307 2235 1402 2278 vene-

335 2408 496 2494 «ἐγένετο,
515 2411 568 2473 καί
590 2409 763 2492 ἐσκήνωσεν
786 2410 819 2473 έν
840 2409 919 2493 ἡμῖν,
936 2411 988 2472 καὶ
1010 2409 1214 2493 ἐθεασάμεθα
1236 2412 1290 2492 τὴν
1313 2405 1401 2486 δίξαν

339 2541 354 2576 «
367 2517 467 2598 αὐτοῦ,
480 2514 569 2592 δόξαν
587 2514 627 2591 ὡς
644 2524 825 2600 μονογενοῦς
842 2519 925 2600 παρά
941 2515 1070 2598 Πατρδς,
1082 2515 1198 2600 πλήρης
1213 2516 1334 2601 χάριτος
1349 2516 1403 2578 καί

335 2648 352 2684 «
367 2621 514 2706 ἀληθείας
528 2620 573 2709 ιι).
610 2620 761 2707 Ἀκριβῶς
776 2623 829 2685 οὖν
843 2624 895 2685 καί
909 2624 962 2706 την
977 2621 1097 2708 πρώτην
1112 2621 1242 2707 ἐμήνυσε
1258 2622 1400 2706 τετράδα·

335 2727 459 2812 Πατέρα
481 2727 581 2806 εἰπὼν,
604 2729 657 2790 καὶ
680 2727 788 2812 Χάριν,
811 2729 864 2791 καὶ
886 2731 937 2791 τον
959 2727 1126 2812 Μονογενῆ,
1150 2730 1202 2792 καὶ
1221 2727 1400 2812 Ἀλήθειαν.

334 2833 465 2910 Οὓτωςδ
482 2833 622 2918 Ἰωάννης
637 2837 704 2919 περὶ
718 2844 772 2918 της
785 2834 905 2920 πρώτης
917 2836 971 2899 καί
985 2839 1095 2920 μητρὸς
1110 2845 1168 2900 τῶν
1183 2836 1260 2899 δλων
1280 2834 1403 2900 Αίιίινων

333 2941 477 3026 ὀγδοάδος
500 2943 611 3025 εἴρηκε.
659 2940 783 3026 Πατέρα
804 2945 863 3026 γάρ
886 2943 997 3026 εἴρηκε,
1022 2944 1074 3005 καὶ
1097 2942 1203 3028 Χάριν,
1227 2945 1279 3006 καὶ
1309 2941 1403 3006 Μονο-

333 3056 417 3131 γενῆ,
440 3050 493 3111 καὶ
516 3045 697 3130 Ἀλήθειαν,
720 3049 773 3111 καὶ
796 3045 906 3131 Λόγον,
931 3050 983 3112 καί
1006 3047 1102 3132 zoni,
1126 3051 1179 3112 καὶ
1206 3047 1401 3134 Ἄνθρωπον,

334 3155 385 3218 καί
408 3152 606 3238 Ἐκκλησίαν.

402 3347 459 3428 ΙΧ,
482 3367 510 3413 1.
548 3349 650 3435 Ὁρᾷς,
675 3350 824 3434 ἀγαπητὲ,
848 3351 902 3433 τὴν
921 3349 1103 3434 μέδοδον,η
1126 3347 1275 3434 χρώμενοι
1298 3370 1403 3434 φρενα·

334 3465 477 3519 πατοῦσιν
496 3455 629 3536 ἑαυτοὺς,
646 3455 864 3541 ἐπηρεάζοντες
877 3465 940 3534 ταῖς
957 3456 1098 3542 Γραφαῖς,
1115 3459 1149 3520 τδ
1165 3455 1291 3540 πλάσμα
1307 3457 1402 3519 αὐτῶν

335 3560 368 3638 ἐξ
378 3564 476 3625 αὐτῶν
487 3563 671 3627 συνιστάνειν
681 3563 866 3647 πειρώμενοι.
903 3564 961 3629 Διὰ
972 3572 1059 3627 τοῦτο
1073 3567 1132 3647 γὰρ
1143 3565 1196 3627 καὶ
1208 3565 1299 3640 αὐτάς
1314 3583 1403 3646 παρε-

335 3666 435 3753 θέμην
448 3671 547 3734 αὐτῶν
559 3673 612 3746 τάς
623 3668 726 3752 λέξεις,
736 3671 784 3733 ἵνα
796 3668 828 3746 ἐξ
839 3673 936 3734 αὐτῶν
949 3671 1138 3755 κατανοηοης
1153 3673 1206 3754 τὴν
1222 3669 1404 3755 πανουργίαν

335 3784 387 3859 τῆς
402 3773 574 3860 μεθοδείας,
591 3779 643 3840 καὶ
658 3780 710 3862 την
725 3777 869 3861 πονηρίαν
886 3787 939 3861 της
956 3777 1081 3861 πλάνης.
1129 3776 1254 3863 Πρῶτον
1272 3778 1327 3860 μὲν
1345 3779 1404 3860 γάρ

334 3883 361 3946 εί
383 3881 542 3968 προέκειτο
565 3881 691 3969 Ἰωάννη
715 3888 769 3970 την
792 3886 854 3948 άνω
876 3883 1008 3969 δγδοάδα
1031 3893 1169 3969 μηνῦσαι,
1185 3888 1239 3968 τὴν
1262 3882 1343 3961 τάξιν
1368 3885 1404 3946 ἂν

334 3990 492 4076 τετηρίμιι
508 4000 560 4074 της
573 3990 734 4078 προβολῆς,
748 3993 800 4055 καὶ
814 3993 867 4075 την
882 3991 1002 4077 πρώτην
1017 3991 1145 4074 τετράδα
1158 3989 1404 4078 σεβασμιωτάτην

372 4167 412 4234 (ι)
432 4166 504 4220 llaec
523 4183 617 4238 graece
637 4167 740 4221 desunt.
779 4165 885 4220 Fuerint
905 4165 973 4221 fere:
992 4171 1045 4222 Καί
1063 4170 1078 4220 δ
1097 4169 1181 4221 Πτολ.
1201 4169 1248 4234 μέν
1266 4169 1358 4230 οὕτως.
