3230 5062
343 375 379 440 15
385 377 405 440 4
629 375 758 422 IRENAEI
780 376 940 422 ADVERSUS
964 375 1121 422 HAEIIESES
1283 372 1328 442 (Χ,
1349 387 1397 438 2-3

335 567 389 656 qui
402 566 492 634 valde
507 567 664 654 praevalet
679 569 711 634 in
727 590 884 648 sermone,
903 591 942 634 ex
958 567 1006 634 his
1022 568 1075 655 qui
1092 583 1238 656 praesunt
1253 566 1404 647 ecclesiis,

335 674 394 740 alia
417 697 512 762 quam
529 673 603 740 haec
621 692 693 741 sunt
708 673 806 742 dicet:
822 702 837 739 ιι
856 698 952 743 nemo
968 676 1053 742 eninr
1069 697 1161 763 super
1178 675 1405 762 magistrumn>

337 796 416 847 uest
432 805 467 846 »z
502 803 613 868 neque.
638 781 783 846 infirmus
814 783 847 848 in
875 779 1009 850 dicendo
1032 780 1240 847 deminorabit
1263 779 1405 848 traditio-

335 911 420 955 nem.
468 888 580 968 Quum
604 888 689 954 enim
714 913 775 955 una
799 906 829 956 et
852 888 962 958 eadem
993 887 1070 955 fides
1101 889 1152 968 sit,
1175 911 1276 976 neque
1299 889 1326 954 is
1348 889 1404 976 qui

335 995 472 1060 multum
495 994 534 1061 de
558 1017 593 1061 ea
616 1011 717 1082 potest
739 995 842 1064 dicere
866 997 1002 1086 ampliat,
1026 1018 1127 1084 neque
1158 996 1185 1061 is
1219 997 1274 1085 qui
1298 997 1404 1063 minus

333 1099 564 1168 deminorat.(²)

403 1228 431 1292 3.
456 1205 562 1296 [IVH.
586 1205 662 1296 IVI.
721 1209 903 1275 Secuunuu
938 1228 1021 1282 Qun>
1046 1227 1117 1274 nnn
1152 1227 1278 1273 PUTARE
1312 1227 1404 1273 auos

334 1334 461 1387 Qumnn
486 1334 571 1394 ntus,
596 1335 686 1380 atros
710 1335 794 1382 veno
817 1335 916 1382 mnus
940 1335 1065 1381 unusne
1084 1334 1278 1382 Iountours.
1326 1315 1402 1379 Plus

334 1439 438 1488 autem
459 1437 511 1488 aut
535 1423 638 1486 minus
654 1420 826 1488 secundum
843 1421 1039 1510 prudentiam
1060 1444 1152 1488 nosse
1168 1421 1322 1509 quosdam
1336 1443 1401 1488 non

333 1529 365 1594 in
389 1550 428 1593 eo
451 1526 535 1614 quod
554 1543 775 1614 argumentum
794 1529 989 1608 immutetur,
1014 1525 1158 1607 efficitur,
1177 1544 1208 1594 et
1227 1528 1305 1594 alius
1323 1526 1400 1594 deus

333 1636 527 1722 excogitetur
550 1654 670 1722 praeter
694 1633 924 1716 fabricatorem,
943 1652 974 1701 et
990 1634 1152 1715 factorem,
1167 1652 1198 1702 et
1213 1636 1401 1702 nutritorem

333 1740 424 1808 huius
448 1742 668 1822 universitatis,
692 1743 779 1828 quasi
803 1765 868 1808 non
891 1742 957 1830 ipse
980 1741 1113 1810 sufficiat
1128 1741 1231 1824 nobis,
1248 1758 1300 1808 aut
1323 1742 1402 1808 alius

334 1847 490 1928 Christus,
509 1865 562 1914 aut
585 1850 663 1915 alius
688 1849 900 1936 Monogenes:
926 1849 978 1916 sed
997 1851 1030 1915 in
1053 1871 1103 1931 eo,
1126 1847 1271 1938 quod:(³)
1292 1851 1401 1915 omnia

332 1977 411 2041 quae
426 1956 457 2021 in
470 1953 624 2042 parabolis
636 1954 717 2022 dicta
731 1973 802 2022 sunt
814 1959 985 2046 exquirere,
998 1973 1030 2023 et
1041 1955 1208 2045 adiungere
1220 1957 1357 2024 ueritatis
1368 1957 1402 2010 (⁴)

332 2169 419 2246 θείας
441 2169 553 2234 ἐλθεῖν.
601 2169 664 2233 Καὶ
686 2173 754 2234 οὔτε
778 2171 794 2234 ὁ
817 2170 894 2234 πάνυ
913 2171 1036 2246 δυνατὸς
1053 2171 1086 2234 έν
1104 2169 1187 2256 λόγῳ
1211 2178 1268 2234 τῶν
1287 2170 1401 2246 ἐντοῖς

332 2275 506 2361 ἐκκλησίαις
529 2275 733 2360 προεστώτων,
758 2279 846 2362 ἕτερα
869 2277 981 2342 τούτων
998 2279 1075 2361 ἐρεῖ·
1102 2277 1229 2354 «οὐδεὶς
1247 2280 1306 2362 γὰρ
1323 2277 1399 2360 ὑπὲρ

334 2409 348 2444 u
364 2387 414 2447 τὸν
432 2382 614 2448 διδάσκαλον
630 2405 661 2442 υ·
681 2386 749 2448 οὔτε
768 2383 784 2447 ὁ
803 2384 936 2467 ἀσθενὴς
954 2383 986 2446 ἐν
1004 2391 1046 2467 τῷ
1064 2382 1147 2468 λόγῳ
1164 2381 1326 2448 ἐλαττώσει
1347 2385 1400 2466 τὴν

331 2489 504 2574 παράδοσιν.
552 2489 630 2566 Μιᾶς
652 2493 712 2574 γὰρ
734 2492 786 2554 καὶ
813 2499 866 2573 τῆς
894 2491 985 2574 αὐτῆς
1007 2490 1135 2566 πίστεως
1165 2493 1266 2575 οὔσης,
1291 2489 1399 2554 oure&

330 2595 407 2660 πολὺ
426 2598 493 2680 περὶ
511 2597 602 2680 αὐτῆς
616 2595 777 2681 δυνάμενος
794 2596 886 2659 εἰπεῖν
901 2593 1096 2676 ἐπλεόνασεν,
1112 2598 1181 2660 οὔτε
1197 2596 1214 2660 ὁ
1232 2599 1267 2660 τὸ
1285 2594 1397 2679 ὀλίγον,

332 2700 528 2786 ἠλαπὸνησε.

399 2828 427 2892 3.
453 2807 497 2873 Τὸ
519 2809 553 2872 δέ
576 2807 669 2873 πλέον
691 2809 711 2892 ὴ
734 2807 859 2873 ἔλαττον
882 2812 962 2874 κατὰ
978 2807 1096 2874 σύνεσιν
1110 2807 1218 2872 εἰδέναι
1233 2809 1323 2890 τινὰς,
1342 2810 1399 2871 οὐκ

330 2916 362 2978 ὲν
385 2924 426 2998 τῷ
449 2917 502 2999 τὴν
525 2915 670 2980 ὑπόθεσιν
692 2917 784 3000 αὐτὴν
807 2914 971 2980 ἀλλάσσειν
994 2915 1116 3000 γίνεται,
1135 2917 1188 2979 καὶ
1206 2915 1300 2980 ἄλλον
1324 2915 1398 2979 θεὸν

329 3032 518 3108 παρεπινοεῑν
532 3026 616 3106 παρὰ
631 3027 681 3086 τὸν
697 3023 886 3108 δημιουργὸν,
902 3025 955 3086 καὶ
970 3026 1105 3107 ποιητὴν,
1120 3024 1173 3087 καὶ
1186 3021 1297 3106 τροφέα
1312 3021 1399 3085 τοῦδε

329 3137 381 3193 τοῦ
404 3133 523 3210 παντὸς,
554 3128 594 3206 ὡς
618 3133 658 3214 μὴ
682 3127 885 3214 ἀρκουμένους
907 3127 1015 3213 τοῦτῳ,
1038 3131 1058 3213 ἢ
1085 3129 1181 3193 ἄλλον
1208 3113 1398 3213 Χριστὸν,’ἠ

330 3235 423 3300 ἄλλον
451 3235 625 3321 Μονογενῆ·
654 3235 724 3300 ἀλλ’
737 3236 769 3300 ἐν
792 3243 834 3319 τῷ
856 3238 894 3300 τὰ
923 3239 982 3300 ὅσα
1012 3237 1044 3300 ἐν
1074 3234 1257 3322 παραβολαῖς
1286 3235 1399 3320 εἴρηται

330 3341 675 3427 προσεπεξεργέζεσθαι,
695 3343 748 3406 καὶ
764 3350 947 3406 συνοικειοῦν
962 3351 1001 3425 τῇ
1017 3351 1070 3426 τῆς
1087 3340 1214 3418 πέστιιυς
1232 3338 1396 3405 ὑποθέσει·

366 3515 407 3582 (ι)
429 3513 541 3568 Μλτνιι.
567 3514 601 3579 Χ,
629 3529 677 3580 243
702 3514 766 3568 Luc.
790 3513 837 3578 VI,
926 3517 969 3584 (3)
989 3515 1057 3570 Sane
1085 3515 1232 3569 attentione
1257 3526 1284 3568 et
1310 3515 1397 3567 studio

330 3611 373 3662 40.
891 3599 985 3670 dignus
1010 3599 1053 3653 hic
1080 3600 1159 3654 index
1188 3599 1397 3670 theologicarum

366 3683 407 3748 (2)
424 3680 479 3734 Csr.
510 3680 590 3734 Exod.
620 3681 692 3760 XVI,
715 3681 745 3734 18
764 3682 836 3736 iuxta
891 3686 1075 3755 quaestionum
1106 3699 1125 3738 11
1154 3685 1259 3738 saeculo
1286 3684 1397 3754 agitata·

329 3765 402 3820 Lxx
427 3777 451 3820 et
476 3767 500 3819 II
528 3765 588 3819 Cor.
613 3766 684 3833 VIII,
715 3781 757 3832 15;
786 3768 836 3820 hoc
891 3767 1025 3821 runncsr.
1046 3771 1131 3832 unu
1149 3767 1262 3822 ἐπίασι
1282 3768 1395 3838 integm,

330 3861 478 3921 utrumque,
498 3852 620 3904 urir'versis
645 3851 754 3904 carndem
777 3849 836 3904 fidei
892 3865 917 3905 et
936 3851 980 3906 lib.
1000 3852 1036 3905 III
1055 3869 1070 3905 a
1089 3870 1145 3923 cap.
1165 3851 1229 3905 xlx
1248 3853 1379 3922 deinceps

329 3936 493 4003 cognitionem
512 3935 652 4005 impertiri;
674 3936 772 3990 directe
791 3953 836 4006 ag·
926 3935 967 4004 (4)
987 3935 1032 3988 Gr.
1045 3935 1121 4004 fidei:
1143 3935 1214 3988 idem
1233 3934 1292 3988 finis
1311 3935 1397 4005 operis

329 4015 700 4086 grediturValentinianorum
711 4030 837 4089 systema,
890 4022 936 4084 Εἰς
961 4018 1028 4072 finio.
1054 4019 1204 4089 perhibetur
1226 4019 1253 4088 (S
1276 4035 1297 4072 t.
1342 4017 1396 4071 Csr.

330 4101 389 4154 ideo
408 4117 493 4172 neque
512 4101 666 4172 exaggerari
679 4101 764 4154 debet.
892 4103 925 4156 A.
941 4103 976 4158 H.
996 4103 1030 4166 II,
1049 4105 1100 4170 ιο).
