3274 5100
388 479 451 544 344
675 482 802 529 inruarr
826 482 985 528 norrenses
1009 483 1164 529 naereses
1311 481 1381 550 lxii,
1406 495 1456 547 μς

386 690 446 739 est:
471 691 500 739 et
519 675 643 741 innatus
666 699 740 742 cum
764 699 799 742 ea
819 699 897 766 quae
917 693 988 742 nata
1006 694 1067 742 est:
1092 693 1121 742 et
1136 699 1232 764 quem
1255 699 1352 742 nemo
1372 677 1457 764 capit

385 801 459 844 cum
483 802 519 845 ea
539 803 619 868 quae
642 780 679 848 ab
703 805 742 848 eo
765 783 894 871 capitur,
914 800 943 848 et
964 799 1090 870 propter
1105 782 1165 849 hoc
1182 781 1377 870 incapabilis:
1398 785 1456 871 qui

386 884 568 974 infiguratus
591 905 638 954 est
660 911 734 954 cum
758 913 793 955 ea
811 912 889 977 quae
908 887 1038 978 figurata
1055 907 1111 956 est.
1159 886 1339 955 Secundum
1366 891 1456 955 enim

386 992 416 1060 id
439 993 523 1080 quod
548 995 661 1061 melior
684 1020 777 1084 quam
803 997 923 1084 reliqui,
947 1020 1011 1064 non
1031 995 1121 1062 debet
1145 1019 1218 1062 cum
1238 997 1283 1062 eis
1298 1019 1457 1062 annume-

386 1101 460 1179 rari;
485 1118 515 1166 et
538 1100 598 1167 hoc
610 1103 643 1154 (¹)
665 1125 738 1168 cum
757 1105 867 1169 Aeone
882 1103 1031 1191 passibili,
1050 1120 1081 1170 et
1096 1105 1128 1169 in
1145 1126 1250 1171 errore
1270 1105 1455 1180 constituto,

385 1209 438 1294 qui
454 1223 500 1272 est
516 1207 727 1296 impassibilis,
740 1227 771 1275 et
786 1233 850 1277 non
866 1233 982 1276 errans.
1030 1211 1194 1292 Quoniam
1210 1211 1296 1276 enim
1312 1234 1329 1276 a
1346 1211 1457 1297 Bytho

385 1311 567 1380 inchoantes
590 1314 779 1382 triacontada
802 1333 986 1384 enumerant
1002 1315 1153 1406 usquead
1169 1316 1330 1405 Sophiam,
1355 1341 1453 1406 quam

385 1421 529 1487 Aeonem
552 1438 708 1489 errantem
730 1421 848 1505 dicunt,
879 1423 1074 1490 ostendimus
1098 1425 1131 1489 in
1162 1445 1200 1488 eo
1225 1422 1305 1489 libro
1327 1425 1380 1510 qui
1406 1440 1455 1489 est

386 1543 456 1593 ante
483 1526 566 1593 hunc
591 1526 716 1612 librum,
730 1529 764 1582 (²)
786 1546 817 1624 et
839 1552 918 1617 quae
941 1528 1049 1596 dicunt
1072 1531 1201 1596 nomina
1226 1531 1366 1617 ipsorum
1397 1554 1457 1617 po-

386 1636 523 1701 suimus:
546 1634 608 1701 hoc
631 1652 736 1702 autem
751 1659 817 1702 non
836 1653 1042 1704 annumerato
1059 1638 1121 1702 iam
1139 1658 1204 1702 non
1228 1653 1301 1702 sunt
1316 1658 1383 1702 xxx
1405 1660 1456 1702 se-

386 1738 523 1806 cundum
548 1764 602 1806 eos
626 1743 812 1808 emissiones
839 1743 997 1823 Aeonum,
1021 1742 1075 1809 sed
1099 1763 1143 1807 xx
1167 1758 1197 1807 et
1220 1765 1337 1808 novem
1362 1740 1453 1807 fiunt.

453 1867 481 1912 2.
507 1845 610 1936 [WH.
635 1848 732 1929 XIII,
752 1847 794 1938 ¹l·
842 1849 1006 1938 Quourxu
1031 1868 1222 1917 runossmtte
1242 1869 1297 1914 rsa
1317 1869 1453 1915 semna-

385 1973 443 2018 Tas
465 1973 533 2019 essa
556 1975 596 2020 aa
619 1974 753 2020 ruvtceu
776 1975 832 2022 Eas
851 1976 940 2029 Quae
956 1976 1050 2022 turta
1070 1975 1314 2023 susurruotxeu
1333 1975 1452 2021 orcux-

384 2083 449 2128 run
480 2081 758 2129 contuearrouas:
786 2083 938 2130 anuums
961 2084 1073 2128 aureli
1098 2083 1157 2143 nu,
1180 2082 1372 2130 runossmne
1396 2083 1455 2128 est·

384 2167 531 2234 Soeutau
555 2188 623 2234 stus
646 2189 791 2234 couruce
814 2189 1007 2235 assuatesrsse
1032 2189 1148 2250 tanen,
1173 2188 1240 2234 aur
1268 2187 1368 2234 aaran
1393 2187 1453 2233 oe-

385 2295 518 2342 nutasse
548 2295 692 2350 attonio.
738 2277 816 2356 'Post
839 2274 949 2342 deinde
979 2277 1115 2363 primam
1151 2275 1355 2341 emissionem
1387 2275 1452 2340 En-

386 2383 491 2447 noiam
526 2405 620 2470 quam
632 2382 665 2434 (³)
696 2382 791 2470 Sigen
821 2398 979 2464 uocantes
1003 2405 1041 2447 ex
1068 2404 1128 2469 qua
1153 2403 1279 2447 nrrsum
1303 2379 1406 2472 [Nun]
1419 2382 1454 2434 (⁴)

384 2505 414 2554 et
437 2489 595 2555 Alethium
619 2489 752 2555 emissos
776 2488 894 2571 dicunt,
921 2490 953 2554 in
976 2490 1114 2576 utrisque
1138 2487 1326 2555 exorbitant.
1387 2490 1454 2555 lm-

386 2595 530 2684 possibile
554 2613 601 2662 est
624 2597 709 2662 enim
733 2589 875 2662 ennoean
901 2596 1042 2675 alicuius,
1066 2611 1117 2660 aut
1146 2593 1304 2660 silentium
1329 2617 1455 2681 separa-

385 2705 443 2769 tim
466 2703 608 2791 intelligi,
632 2721 661 2769 et
685 2719 769 2768 extra
793 2727 866 2769 eum
886 2703 1038 2768 emissum
1062 2701 1220 2790 propriam
1236 2699 1349 2766 habere
1369 2699 1455 2788 figu-

386 2811 547 2876 rationem.
587 2811 619 2876 Si
644 2827 749 2875 autem
764 2833 829 2875 non
845 2807 948 2875 dicent
964 2831 1032 2875 esse
1047 2808 1197 2874 emissam
1213 2807 1264 2873 illa
1280 2825 1376 2886 extra,
1395 2807 1451 2874 sed

384 2916 590 2983 adunatam(⁵)
614 2915 788 3003 Propatori‚
812 2913 942 3003 utquid
967 2936 1041 2979 cum
1064 2913 1191 3000 reliquis
1214 2908 1377 2978 Aeonibus
1395 2936 1451 2977 an·

385 3039 549 3089 numerant
575 3046 656 3102 eam,
680 3022 728 3088 his
751 3022 805 3110 qui
835 3044 900 3087 non
924 3037 996 3086 sunt
1022 3017 1158 3100 adunati,
1183 3033 1213 3084 et
1236 3035 1364 3106 propter
1387 3018 1451 3084 hoc

384 3132 528 3218 ignorant
552 3129 801 3218 magnitudinem
824 3129 913 3195 eius?
959 3127 992 3194 Si
1008 3143 1114 3192 autem
1129 3142 1160 3192 et
1174 3127 1262 3192 unita
1281 3143 1338 3208 est,
1355 3125 1452 3214 (con-

385 3235 556 3304 sideremus
581 3255 610 3304 et
627 3237 715 3327 h0c‚)
738 3237 905 3303 necessitas
929 3251 975 3301 est
999 3236 1115 3316 omniS,
1138 3233 1176 3300 ab
1195 3235 1279 3300 unita
1299 3235 1453 3321 coniuga-

322 3427 330 3444 ι
384 3346 468 3412 tione
491 3363 521 3411 et
544 3343 740 3432 inseparabili
763 3360 793 3410 et
809 3367 908 3410 unum
924 3343 1101 3422 exsistente,
1113 3339 1313 3407 indiscretam
1330 3356 1360 3404 et
1379 3341 1452 3406 uni-

421 3543 461 3610 (1)
481 3545 534 3595 Καὶ
542 3543 618 3594 τοῦτο
631 3572 649 3580 -
661 3540 838 3594 Hellenismus
848 3551 888 3591 est
941 3555 1041 3591 nomen
1054 3550 1107 3591 est:
1121 3552 1214 3608 graece
1229 3540 1263 3603 ῆι
1279 3535 1353 3589 itaet
1367 3537 1396 3597 ἐξ
1417 3539 1451 3604 ῆς

385 3627 411 3678 in
427 3627 537 3696 Interpr.
553 3625 687 3695 frequens:
706 3625 787 3676 latine
799 3630 821 3676 et
833 3626 886 3693 qui·
941 3624 1000 3675 loco
1020 3625 1081 3690 ἑξῆς
1100 3623 1131 3692 (=
1140 3621 1246 3686 exinde)
1276 3621 1304 3673 in
1325 3621 1447 3690 sequenti

383 3712 437 3764 dem
465 3711 550 3764 efferri
578 3711 664 3763 debet.
689 3741 706 3748 -
728 3710 888 3779 Aggreditur
941 3725 971 3760 ex
986 3725 1034 3778 qua
1047 3707 1117 3760 male
1130 3707 1228 3759 lectum
1247 3717 1321 3776 putat
1331 3704 1449 3776 Harvey.

384 3813 446 3850 vero
462 3796 528 3849 Iren.
545 3795 649 3866 proprie
664 3795 781 3846 scholam
800 3794 888 3847 Ptole·
978 3793 1019 3860 (4)
1038 3791 1068 3843 ln
1090 3791 1167 3844 codd.
1196 3790 1267 3843 male
1294 3790 1376 3851 abest,
1404 3791 1450 3842 alt

384 3883 450 3935 maei
477 3893 505 3934 ut
529 3898 554 3951 p.
579 3881 622 3951 89,
647 3892 703 3932 not.
725 3894 739 3931 2
764 3877 887 3933 diximus.
941 3889 1076 3948 sumptum
1095 3875 1205 3929 fortasse
1224 3876 1251 3928 in
1271 3891 1355 3946 praec.
1381 3889 1450 3926 xva-

382 3966 434 4020 CIr.
453 3967 495 4018 Ps.
511 3966 650 4018 Terruit.
670 3964 708 4018 18.
941 3977 1006 4016 suu.
1044 3960 1168 4016 Restituit
1183 3960 1304 4014 Fauiano.
1324 3977 1356 4012 ex
1375 3975 1449 4030 seqq.

418 4055 457 4120 (2)
477 4049 531 4104 Cfr.
545 4050 564 4115 Ι,
580 4053 658 4120 1(pp.
675 4047 787 4116 76-8o);
801 4062 888 4118 x1v‚9
978 4049 1020 4115 (ς)
1039 4048 1058 4100 Ι.
1078 4064 1102 4100 e.
1123 4047 1292 4099 coniunctam
1310 4056 1451 4114 tamquam

382 4131 887 4206 (p.197);xv1‚rseqq.(p.209seqq.).
942 4149 1039 4184 unum:
1070 4130 1179 4184 fortasse
1205 4129 1451 4199 [ουν]αναχυθίντα

419 4223 459 4288 (3)
480 4219 566 4286 Quam
585 4219 735 4272 coniunctio
755 4233 809 4270 non
828 4234 887 4287 pro·
943 4229 971 4269 ut
991 4217 1067 4281 l,x1,
1090 4231 1099 4268 1
1122 4215 1227 4285 legitur.
1264 4211 1319 4266 cn.
1339 4229 1413 4282 seqq.
