3230 5062
343 445 402 530 138
627 465 754 512 IRENAEI
778 466 937 513 ADVERSUS
960 465 1116 513 HAERESES
1295 463 1378 536 [VIII,
1391 481 1401 533 5

338 681 412 726 nem
442 657 634 746 significasse
664 660 739 747 ipsis
771 658 971 727 dictionibus.
983 660 1016 714 (Ι)
1073 660 1181 747 Itaque
1211 661 1404 748 Principium

337 764 495 854 quoddam
519 765 659 848 subiecit,
682 765 768 855 quod
791 767 931 854 primum
955 765 1073 833 factum
1099 781 1145 832 est
1169 789 1186 832 a
1208 766 1296 833 Deo:
1320 767 1405 856 quod

338 875 432 941 etiam
447 873 524 941 Nun
540 888 631 940 vocat
645 889 675 941 et
695 873 830 941 Filium:
845 890 874 940 et
887 874 1095 962 Unigenitum
1110 873 1244 940 Domini
1251 873 1285 928 (²)
1303 891 1404 956 vocat,

338 981 371 1046 in
393 1002 457 1068 quo
476 981 583 1046 omnia
606 981 697 1046 Pater
715 981 819 1047 emisit
830 980 863 1035 (³)
882 979 1083 1048 seminaliter.
1142 982 1192 1047 Ab
1217 979 1276 1046 hoc
1301 996 1406 1047 autem

339 1086 381 1152 ait
405 1083 547 1151 Verbum
570 1086 735 1166 emissum,
758 1102 789 1152 et
814 1086 909 1152 ineo
936 1107 1067 1152 omnem
1091 1086 1239 1152 Aeonum
1263 1084 1407 1152 substan-

339 1194 426 1273 tiam,
448 1213 544 1280 quam
567 1192 671 1280 ipsum
700 1208 808 1280 postea
839 1191 988 1259 formavit
1018 1190 1171 1258 Verbum.
1241 1193 1406 1275 Quoniam

338 1299 432 1387 igitur
460 1297 499 1365 de
523 1299 624 1386 prima
649 1300 757 1387 genesi
784 1296 870 1380 dicit,
893 1297 972 1366 bene
1000 1322 1017 1364 a
1043 1299 1212 1385 Principio,
1235 1298 1296 1364 hoc
1319 1315 1406 1365 esta

340 1404 430 1485 Filio,
454 1421 484 1470 et
506 1404 614 1471 Verbo
637 1403 814 1472 doctrinam
843 1403 925 1472 facit.
996 1405 1082 1472 Dicit
1111 1421 1217 1472 autem
1246 1406 1309 1472 sic:
1336 1405 1406 1471 «In

341 1511 530 1599 «Principio
553 1527 618 1577 erat
640 1509 794 1592 Verbum,
818 1525 849 1577 et
871 1509 1014 1578 Verbum
1038 1526 1104 1577 erat
1129 1509 1210 1598 apud
1236 1509 1353 1590 Deum,
1375 1528 1407 1577 et

341 1644 357 1679 α
372 1616 459 1683 Deus
478 1632 543 1682 erat
561 1615 721 1684 Verbum:
742 1616 882 1684 hocerat
897 1617 929 1684 in
949 1617 1108 1704 Principio
1122 1616 1203 1705 apud
1215 1616 1321 1683 Deum
1334 1617 1407 1682 ».(4)

338 1723 429 1789 Prius
443 1723 639 1812 distinguens
662 1723 695 1789 in
717 1725 787 1804 tria,
803 1724 920 1807 Deum,
937 1739 967 1790 et
986 1725 1191 1811 Principium,
1207 1739 1237 1790 et
1252 1720 1406 1805 Verbum,

340 1830 455 1897 iterum
473 1853 508 1896 ea
528 1829 680 1913 univiro)
696 1831 739 1896 uti
763 1847 794 1897 et
812 1831 1017 1897 emissionem
1036 1831 1179 1918 ipsorum
1202 1847 1407 1918 utrorumque

338 2025 465 2111 γένεσιν,
480 2025 557 2091 καθ’
569 2029 607 2112 ἣν
621 2029 660 2091 τὰ
673 2026 772 2091 πάντα
784 2025 949 2114 προέβαλεν
965 2027 981 2090 ό
997 2027 1113 2112 Πατὴρ,
1127 2025 1247 2112 Ἀρχήν
1258 2047 1323 2091 τινα
1336 2027 1407 2090 ὑπο-

340 2133 455 2198 τίθεται
477 2137 512 2198 τό
534 2143 653 2218 πρῶτον
674 2133 822 2218 γεννηθὲν
839 2134 899 2198 ὑπό
916 2143 969 2197 τοῦ
992 2131 1082 2215 Θεοῦ,
1102 2135 1119 2198 ό
1138 2133 1176 2217 δὴ
1193 2135 1246 2197 καὶ
1264 2133 1333 2198 tm
1355 2135 1408 2196 trel

340 2239 496 2324 Μονογενῆ
521 2238 599 2306 Θεόν
620 2239 782 2325 κέκληκεν,
806 2240 839 2304 ἐν
861 2241 886 2325 ᾧ
908 2243 947 2303 τὰ
969 2240 1067 2305 πάντα
1089 2240 1105 2304 ό
1129 2239 1236 2324 Πατὴρ
1257 2238 1408 2326 προέβαλε

340 2355 559 2433 σαερρατικῶς.
606 2346 682 2412 Ὗπό
701 2347 734 2410 δὲ
749 2346 855 2412 τούτου
877 2347 951 2430 φησὶ
973 2350 1023 2411 τόν
1047 2345 1147 2431 Λόγον
1169 2345 1406 2432 προβεβλῆσθαι,

340 2455 391 2518 καὶ
415 2453 447 2516 ἐν
468 2455 549 2536 αὐτῷ
571 2455 624 2536 τὴν
647 2452 721 2538 όλην
743 2461 801 2517 τῶν
824 2451 949 2519 Λίὡνων
970 2453 1084 2538 οὐσίαν,
1107 2455 1144 2537 ἣν
1167 2455 1256 2530 αὐτός
1285 2455 1408 2539 ὓστερον

341 2560 514 2645 ἐμόρφωσεν
536 2561 552 2624 ό
577 2559 685 2647 Λόγος.
733 2559 822 2624 Ἐπεὶ
844 2562 898 2624 οὖν
920 2563 986 2646 περὶ
1008 2559 1126 2645 πρόηης
1144 2559 1291 2646 γενέσεως
1312 2559 1406 2645 λέγει,

340 2665 444 2743 καλῶς
458 2667 519 2730 ἀπὸ
533 2676 587 2751 τῆς
602 2665 730 2752 Ἀρχῆς,
754 2665 887 2731 τουτέστι
910 2676 962 2731 τοῦ
981 2665 1061 2733 Θεοῦ
1079 2669 1203 2731 καὶτοῦ
1223 2665 1335 2751 Λόγου,
1354 2669 1408 2751 τὴν

339 2772 534 2837 διδασκαλίαν
548 2783 691 2838 ποιεῖται·
715 2771 798 2857 λέγει
813 2773 847 2837 δὲ
864 2775 964 2850 obrue·
990 2799 1006 2835 a
1019 2771 1075 2838 Ἐν
1089 2772 1192 2860 Ἀρχῇ
1210 2775 1248 2858 ἠν
1262 2773 1279 2838 ό
1296 2771 1406 2857 Λόγος,

347 2905 362 2940 α
373 2882 426 2944 καὶ
447 2880 464 2943 ό
488 2877 588 2964 Λόγος
605 2881 642 2963 ἢν
659 2884 733 2965 πρός
750 2883 801 2944 τόν
819 2879 907 2963 Θεόν,
926 2882 979 2944 καὶ
998 2879 1075 2957 Θεός
1093 2881 1130 2963 ἢν
1149 2881 1165 2944 ό
1185 2880 1301 2966 Λόγος·
1321 2884 1407 2958 οὕτος

347 3011 362 3047 α
373 2989 410 3070 ἡν
424 2986 456 3050 ἐν
471 2983 575 3072 ’Appi
590 2989 663 3072 πρός
678 2991 729 3051 τόν
748 2985 826 3053 Θεόν
837 3013 868 3051 ν.
916 2984 1068 3073 Πρότερον
1087 2986 1255 3065 διαστείλας
1270 2990 1308 3051 τὰ
1331 2985 1406 3071 τρία,

342 3091 429 3172 Θεόν,
452 3095 505 3156 καλ
527 3092 656 3179 Ἀρχὴν,
679 3096 732 3158 καὶ
755 3090 866 3178 Λόγον,
891 3093 980 3157 πόλιν
1011 3095 1088 3158 αὐτό
1118 3094 1187 3176 ἑνοῖ,
1210 3096 1259 3158 ἵνα
1280 3097 1333 3158 καὶ
1354 3095 1407 3177 τὴν

378 3254 419 3322 (1)
447 3252 562 3307 Graece:
591 3254 653 3324 ipsis
681 3254 848 3318 dictionibus,
938 3255 979 3323 (3)
990 3244 1408 3325 Edd.r‹praen1isito=rP—remi-

342 3335 458 3390 dicentes
473 3338 523 3390 sic:
546 3357 559 3386 α
570 3338 691 3403 ioannes,
708 3339 848 3408 discipulus
903 3338 957 3392 sit»
967 3337 1025 3406 (cfr.
1033 3357 1095 3392 mox
1102 3341 1232 3408 emissum)
1239 3351 1266 3392 ut
1274 3339 1337 3410 legit
1346 3339 1405 3403 Ar.;

346 3421 486 3486 «Domini,
501 3422 608 3492 cupiens
621 3438 708 3474 rerum
727 3422 848 3475 omnium
903 3421 961 3476 Ott.
971 3435 997 3476 et
1007 3421 1079 3476 Vatt.
1099 3440 1192 3476 omnes
1211 3425 1302 3494 legunt
1314 3424 1409 3476 dimisit

346 3517 456 3557 «ortum
472 3522 611 3576 exponere,
621 3505 693 3558 iuxta
709 3523 786 3576 quem
800 3506 848 3558 Pa·
902 3522 934 3558 ex
947 3504 1076 3577 frequenti
1092 3507 1279 3560 immutatione
1297 3507 1318 3558 E
1331 3507 1358 3560 in
1375 3507 1406 3560 D.

346 3600 408 3642 «ter
429 3589 520 3642 omnia
541 3590 672 3659 produxit,
686 3590 848 3660 Principium
937 3591 979 3657 (4)
999 3589 1079 3643 ioan.
1099 3590 1119 3654 I,
1141 3606 1198 3644 1—2.

344 3674 700 3746 «quoddamsubiecitetc.›>.
721 3673 849 3745 Fitigitur
937 3675 979 3742 (5)
998 3674 1202 3745 Distinguuntur
1220 3677 1266 3729 sel.
1280 3687 1407 3747 quatenus

342 3759 461 3812 recitatio
468 3758 683 3830 litteralis,quam
693 3776 748 3812 non
755 3759 848 3812 adver·
876 3773 880 3788 ·
901 3759 1106 3830 unumquodque
1125 3760 1153 3812 in
1170 3760 1351 3830 propositione
1369 3760 1407 3812 di·

341 3855 399 3896 tens
411 3843 540 3913 interpres
553 3841 658 3896 initium
672 3843 848 3907 obtruncavit,
902 3843 997 3896 stincta
1025 3843 1174 3896 exhibetur:
1195 3844 1321 3897 uniuntur
1344 3860 1408 3896 vero

340 3940 476 3998 tamquam
488 3927 609 3980 inutilem
621 3927 815 3997 repetitionem.
901 3927 929 3979 in
949 3939 1083 3996 postremo
1102 3939 1234 3980 commate
1254 3928 1331 3982 unica
1349 3945 1408 3998 pro·

378 4015 418 4080 (2)
438 4011 484 4065 Gr.
504 4011 678 4082 Unigenitum
693 4013 795 4065 Deum:
812 4013 847 4064 ita
902 4012 1047 4080 positione;
1069 4011 1166 4082 inqua
1191 4011 1276 4066 immo
1301 4013 1407 4065 exhibe·

342 4098 422 4151 etiam
433 4097 495 4152 Exc.
511 4097 599 4149 Thcod.
614 4095 630 4149 6
646 4114 707 4150 cum
720 4114 772 4167 quo
785 4113 847 4150 con·
901 4108 945 4148 tur
955 4107 1012 4148 tum
1025 4097 1091 4149 ordo
1101 4097 1312 4166 processionum:
1328 4097 1408 4166 (hoca

343 4181 440 4234 seratur
458 4182 561 4252 integer
579 4197 701 4252 praesens
720 4182 802 4234 locus.
903 4180 1043 4250 [Verbum]
1061 4193 1117 4234 erat
1132 4181 1160 4234 in
1175 4181 1324 4252 Principio²
1340 4181 1407 4252 apud
