3288 5060
358 436 420 502 252
645 437 773 482 lRENAEl
797 437 957 482 ADVERSUS
981 437 1136 482 HAERESES
1243 434 1354 505 [xxm
1377 449 1425 488 1=2

355 613 552 717 incognitum
576 629 723 696 omnibus
748 630 894 711 ostendit,
917 631 972 718 qui
996 629 1067 696 lecit
1094 630 1234 718 angeloS,
1257 626 1429 719 archange-

354 739 416 819 los,
445 739 586 817 uirtutes,
610 753 788 826 potestates.
835 741 864 804 A
888 721 1008 826 septem
1033 754 1138 804 autem
1162 737 1347 827 quibusdam
1370 763 1428 805 an-

355 845 473 933 gelis(¹)
492 843 647 911 mundum
671 843 798 927 lactum,
822 861 851 910 et
875 846 982 911 omnia
1005 846 1132 932 quaein
1152 867 1200 910 en.
1248 845 1426 911 Hominem

356 967 462 1017 autem
481 951 666 1039 angelorum
690 975 758 1018 esse
782 950 945 1032 facturam,
963 950 1131 1018 desursum
1155 974 1171 1017 a
1196 973 1321 1018 summa
1338 970 1428 1040 pote-

356 1073 434 1123 state
457 1056 557 1123 lucida
580 1058 717 1146 imagine
740 1075 915 1146 apparente,
934 1081 1031 1147 quam
1046 1081 1145 1146 quum
1162 1076 1268 1125 tenere
1287 1082 1352 1126 non
1367 1083 1428 1148 po-

357 1165 498 1246 tuissent,
519 1166 629 1252 inquit,
648 1189 687 1232 eo
705 1166 789 1253 quod
809 1168 914 1232 statim
932 1168 1098 1233 recurrerit
1118 1189 1255 1249 sursum,
1273 1167 1425 1234 adhortati

357 1287 430 1336 sunt
448 1272 645 1358 semetipsos,
668 1272 825 1338 dicentes:
845 1273 1040 1338 «Faciamus
1063 1272 1229 1339 hominem
1251 1273 1289 1340 ad
1313 1275 1427 1363 imagi-

361 1406 376 1441 «
391 1402 465 1444 nem
484 1393 516 1444 et
538 1377 804 1445 similitudinem»
818 1379 865 1445 :(¹)
887 1380 940 1467 qui
963 1403 1062 1469 quum
1081 1379 1179 1446 factus
1199 1396 1291 1462 esset,
1307 1398 1337 1446 et
1361 1405 1426 1447 non

357 1486 509 1574 potuisset
527 1487 603 1573 erigi
619 1486 743 1574 plasma*
752 1504 878 1574 propter
896 1486 1142 1554 imbecillitatem
1159 1488 1355 1576 angelorum,
1370 1488 1424 1555 sed

356 1592 443 1680 quasi
459 1592 651 1658 vermiculus
670 1592 884 1673 scarizaret‚(³)
903 1594 1105 1659 miserantem
1121 1595 1188 1659 eius
1207 1592 1338 1682 desuper
1362 1596 1427 1661 rir-

356 1713 467 1778 tutem,
485 1699 635 1786 quoniam
660 1699 692 1764 in
715 1698 952 1764 similitudinem
969 1700 1035 1765 eius
1052 1717 1133 1766 esset
1153 1699 1262 1784 lactus,
1282 1702 1426 1767 emisisse

357 1803 523 1869 scintillam
547 1804 678 1885 vitae,(⁴l
701 1827 780 1892 quae
811 1806 908 1870 erexit
933 1805 1109 1888 hominem,
1132 1824 1162 1873 et
1187 1808 1371 1888 articularit,
1395 1824 1451 1873 et.

357 1907 462 1976 uivere
478 1909 559 1977 fecit.
605 1911 695 1976 Hanc
714 1912 807 1998 igitur
823 1912 991 1978 scintillam
1007 1913 1089 1979 vitae
1105 1931 1175 2001 post
1189 1913 1425 1981 defunctionem

358 2143 433 2208 χειν,
457 2126 508 2186 τδν
534 2123 701 2208 ποιήσαντα
731 2124 890 2210 ἀγγέλους,
915 2126 1134 2212 ἀρχαγγέλους,
1152 2105 1325 2212 δυνάμεις,-
1345 2127 1425 2206 ἐξου-

358 2230 433 2306 σίας.
480 2228 562 2294 Ἀπδ
585 2232 617 2294 δὲ
640 2231 716 2295 ἑπτά
746 2253 830 2296 τινων
853 2224 991 2317 ἀγγέλων
1018 2237 1069 2297 τὸν
1091 2233 1205 2318 κόσμον
1227 2235 1423 2320 γεγενῆσθαι,

357 2337 410 2398 κοιλ
431 2335 529 2402 πάντα
550 2339 588 2399 τὰ
611 2338 643 2400 ὲν
665 2339 755 2420 αὐτῷ,
779 2339 833 2402 καὶ
860 2342 912 2430 τὸν
939 2339 1101 2423 ἄνθρωπον
1127 2341 1161 2404 δὲ
1184 2339 1322 2426 ἀγγέλων
1352 2343 1425 2405 εἶναι

357 2440 482 2526 ποίημα,
494 2442 613 2506 ἀνωθεν
624 2444 685 2506 ἀπὸ
697 2453 750 2527 τῆς
764 2443 924 2520 αὐθεντίας
936 2455 1078 2530 poteritne
1093 2443 1208 2522 εἰκόνος
1224 2447 1424 2530 ἐπιφανείσης,

357 2549 394 2632 ἣν
412 2559 576 2634 κατασχεῖν
596 2552 637 2634 μὴ
656 2549 834 2634 δυνηθέντες
851 2550 900 2614 διὰ
918 2554 952 2615 τδ
971 2562 1168 2637 παραχρῆμα,
1185 2551 1283 2637 φησίν,
1300 2553 1426 2638 ἀναδρα-

335 2651 338 2658 ’
358 2663 422 2741 μεῖν
445 2658 517 2736 ἀνω,
541 2655 705 2721 ἐκέλευσαν
720 2657 836 2732 ἑαυτοῖς
857 2657 1012 2742 λέγοντες·
1032 2659 1243 2744 «Ποιήσωμεν
1266 2660 1426 2744 ἄνθρωπον

361 2790 376 2824 u
389 2759 459 2827 κατ’
471 2759 574 2826 εἰκόνα
603 2765 656 2826 καὶ
681 2761 758 2827 καθ’
770 2763 959 2848 epulatores·
985 2767 1020 2828 οὔ
1043 2765 1215 2850 γενομένου,
1246 2766 1344 2852 φησίν,
1373 2770 1426 2831 καὶ

358 2867 427 2959 [μὴ]
451 2870 614 2954 δυναμένου
630 2871 838 2956 ἀνορθοῦσθαι
853 2881 905 2936 τοῦ
921 2872 1098 2956 πλάσματος
1115 2875 1165 2938 διὰ
1179 2877 1213 2938 τδ
1228 2875 1352 2959 ἀδρανὲς
1367 2886 1426 2938 τῶν

358 2975 505 3061 ἀγγέλων,
529 2977 610 3041 ἀλλὰ
632 2977 672 3054 ὡς
696 2976 855 3062 σκώληκος
878 2979 1081 3062 σκκρίζοντος,
1105 2978 1276 3065 οἰκτείρασα
1297 2983 1425 3066 αὐτὸνὴ

358 3084 421 3147 ἄνω
433 3083 563 3168 δύναμις,
578 3085 627 3147 διὰ
645 3087 679 3147 τδ
696 3084 728 3147 ἐν
746 3083 909 3170 ὁμοιώματι
925 3087 1016 3170 αὐτῆς
1030 3085 1194 3170 γεγονέναι,
1211 3087 1329 3173 ἔπεμψε
1343 3111 1426 3152 σπιν-

358 3190 441 3274 θῆρα
456 3191 544 3274 ζωῆς,
560 3191 592 3266 ὃς
603 3190 734 3274 διήγειρε
746 3195 795 3255 τὸν
809 3193 981 3278 ἄνθρωπον,
994 3197 1046 3257 καὶ
1057 3195 1111 3277 ζῆν
1127 3192 1262 3278 ἐποίησε.
1309 3193 1425 3258 Τοῦτον

395 3405 437 3472 (1)
456 3404 534 3458 Unde
553 3405 580 3457 hi
600 3406 661 3469 sint,
680 3418 705 3458 et
728 3424 792 3458 num
818 3423 866 3476 pro
920 3407 1117 3482 restaurationis
1135 3407 1298 3472 Achamoth,
1312 3419 1338 3460 et
1358 3407 1426 3461 infu-

358 3487 416 3540 Deo
427 3489 468 3542 vel
479 3500 570 3541 contra
584 3488 671 3542 Deum
684 3490 809 3555 militent,
823 3491 865 3542 vel
919 3491 1000 3544 sionis
1019 3480 1129 3545 seminis
1153 3491 1294 3563 spiritualis
1319 3508 1427 3562 accepe-

359 3574 439 3625 etiam
459 3590 523 3624 num
536 3573 617 3625 medii
631 3573 700 3627 inter
712 3574 799 3628 Deum
813 3574 864 3627 sint
920 3586 979 3628 runt
998 3575 1195 3629 Valentiniani:
1217 3575 1263 3629 cfr.
1282 3577 1377 3630 saltem
1397 3596 1426 3630 u-

358 3669 384 3709 et
403 3657 539 3722 Satanam,
559 3674 615 3710 non
633 3657 699 3710 bene
718 3659 807 3729 liquet.
918 3660 1033 3731 trimque
1042 3661 1166 3731 loquendi
1178 3661 1317 3714 rationem.
1339 3659 1426 3732 Origo

395 3742 437 3808 (τ)
457 3739 520 3794 Gen.
536 3741 555 3793 l.
572 3755 619 3807 25:
639 3741 729 3812 imago
748 3755 773 3795 et
793 3743 865 3795 simi·
919 3753 1008 3794 autem
1026 3741 1104 3795 huius
1123 3742 1211 3813 mythi
1229 3743 1257 3796 in
1275 3759 1307 3796 eo
1322 3743 1427 3798 videtur

358 3825 442 3878 litudo
451 3842 518 3896 quae
528 3825 565 3878 eis
575 3827 723 3880 ostenditur
732 3839 770 3880 est
784 3827 865 3897 patris
918 3827 1041 3896 ponenda
1056 3838 1084 3878 ut
1100 3841 1196 3897 nempe
1214 3827 1283 3880 ratio
1302 3828 1426 3880 reddatur

358 3909 461 3962 Ennoia
484 3927 551 3980 quae
570 3909 637 3964 insra
655 3913 737 3964 virtus
762 3911 864 3964 dicitur.
918 3909 1131 3980 praedilectionis
1159 3927 1239 3982 quam
1263 3911 1343 3974 Deus,
1363 3929 1425 3982 prae

395 3997 435 4063 (η)
456 3995 474 4047 l.
495 4013 517 4049 e.
537 4004 631 4067 reperet
648 3997 818 4066 (σκαρῑζειν).
919 3997 1043 4048 omnibus
1061 3997 1165 4062 creatis,
1181 3997 1285 4050 homini
1300 3998 1424 4050 ostendit.

395 4082 437 4148 (4)
457 4080 489 4133 H.
503 4097 525 4133 e.
538 4081 637 4144 anima,
651 4082 692 4134 vel
708 4097 823 4151 pneuma
837 4093 865 4133 ut
920 4111 954 4119 —
973 4080 1004 4133 ln
1022 4082 1092 4134 hunc
1117 4098 1225 4136 sensum
1249 4083 1307 4152 lege
1328 4081 1425 4134 similia

359 4181 390 4217 ex
405 4182 461 4236 sqq.
476 4165 687 4236 liquet—Hinc
707 4178 865 4236 conceptum
920 4166 988 4236 apud
1007 4169 1055 4231 Εἰς
1074 4169 1142 4220 ἐπιδ.
1161 4183 1185 4218 c.
1208 4182 1238 4220 12
1257 4165 1302 4220 fin.
1321 4177 1346 4220 et
1365 4183 1424 4238 sqq.
