3288 5060
355 489 419 556 ²44
641 491 770 540 IRENAEI
794 491 955 538 inversus
978 489 1133 538 naereses
1175 489 1422 560 [xxl,r-xx11,1]

351 707 406 774 per
421 685 560 774 angelos
576 707 677 774 neque
694 707 748 773 per
764 685 894 751 virtutes
911 685 1030 774 aliquas
1045 683 1197 750 abscissas
1211 682 1250 752 ab
1265 686 1333 752 eius
1350 707 1424 752 sen-

351 794 461 859 tentia:
473 792 507 846 (¹)
525 791 602 858 nihil
619 793 705 858 enim
720 792 839 879 indiget
855 793 1001 858 omnium
1016 791 1119 873 Deus3
1138 790 1192 858 sed
1206 814 1262 882 per
1277 790 1422 860 Verbum

351 915 382 966 et
401 899 551 987 Spiritum
568 921 663 964 suum
679 899 787 964 onmia
802 895 929 980 faciens,
944 913 975 964 et
992 895 1173 986 disponens,
1189 913 1221 964 et
1232 896 1421 987 gubernem,

351 1023 382 1073 et
405 1003 553 1071 omnibus
576 1027 645 1070 esse
664 1020 840 1092 praestans:
865 1003 914 1070 hic
938 1005 991 1092 qui
1016 1003 1170 1072 mundum
1196 1004 1279 1088 fecit,
1302 997 1420 1072 etenim

352 1110 488 1180 mundus
512 1135 549 1178 ex
572 1109 783 1178 omnibus:(²)
814 1112 864 1177 hic
886 1113 940 1200 qui
971 1111 1137 1178 hominem
1168 1112 1344 1200 plasmavit,
1367 1109 1419 1178 hic

350 1219 403 1307 qui
426 1220 514 1286 Deus
540 1217 699 1284 Abraham
724 1235 755 1284 et
778 1219 866 1284 Deus
897 1217 992 1299 Isaac,
1017 1233 1047 1284 et
1078 1219 1166 1285 Deus
1198 1216 1302 1300 Iacob,
1326 1241 1419 1306 super

350 1347 445 1414 quem
460 1324 539 1390 alius
552 1325 639 1390 Deus
652 1339 786 1404 nonest,
801 1346 902 1411 neque
921 1325 1056 1406 initium,
1072 1345 1172 1412 neque
1188 1325 1299 1406 virtuS,
1318 1347 1419 1413 neque

350 1432 513 1498 Pleroma:
537 1432 588 1498 hic
611 1431 702 1498 Pater
725 1432 859 1498 Domini
888 1432 987 1498 nostri
1019 1432 1088 1498 Iesu
1114 1431 1245 1514 Christi,
1267 1429 1420 1520 quemad-

350 1538 483 1606 modum
496 1537 714 1605 ostendemus:
731 1537 811 1604 hanc
824 1559 900 1626 ergo
915 1553 1057 1604 tenentes
1073 1538 1225 1625 regulam,
1240 1538 1311 1604 licet
1327 1537 1418 1605 valde

349 1645 435 1710 varia
449 1662 480 1712 et
496 1644 595 1710 multa
613 1643 728 1725 dicant,
742 1643 830 1710 facile
842 1666 897 1710 eos
909 1642 1078 1711 deviassea
1098 1645 1228 1710 veritate
1244 1645 1417 1732 arguimus.

350 1751 477 1820 Omnes
500 1752 585 1817 enim
610 1750 673 1817 fere
702 1767 857 1838 quotquot
887 1767 959 1816 sunt
982 1749 1136 1832 haereses,
1160 1750 1266 1818 Deum
1290 1749 1419 1840 quidem

348 1883 449 1928 unum
460 1858 617 1939 dicunt,(⁵)
628 1857 682 1926 sed
695 1881 748 1947 per
767 1859 952 1925 sententiam
974 1859 1090 1926 malam
1109 1861 1290 1941 immutant,
1306 1860 1417 1947 ingrati

349 1969 532 2033 exsistentes
555 1967 594 2046 ei,
609 1966 663 2054 qui
684 1964 755 2033 fecit
778 1987 844 2045 eos,
867 1963 1139 2053 quemadmodum
1162 1981 1194 2031 et
1217 1965 1337 2034 Gentes
1364 1989 1418 2054 per

348 2073 536 2140 idolatriam.
568 2072 731 2138 Plasma(⁴)
742 2088 847 2138 autem
863 2072 922 2138 Dei
936 2087 1154 2155 contemnunt,
1169 2071 1418 2140 contradicentes

349 2203 423 2246 suae
446 2179 548 2259 saluti,
572 2179 629 2266 ipsi
654 2179 702 2244 sui
728 2194 924 2245 accusatores
948 2178 1148 2262 amarissimi,
1172 2195 1202 2246 et
1227 2177 1296 2246 falsi
1323 2193 1419 2245 testes

348 2287 541 2352 exsistentes.
588 2285 656 2366 Qui
679 2283 806 2371 quidem
832 2300 994 2371 resurgent
1024 2285 1182 2366 incarne,
1206 2284 1278 2352 licet
1305 2285 1417 2365 nolint,

348 2395 392 2459 uti
407 2409 578 2481 agnoscant
597 2393 746 2458 virtutem
762 2391 939 2456 suscitantis
955 2413 1010 2457 eos
1026 2414 1043 2457 a
1062 2393 1214 2458 mortuis:
1235 2413 1308 2458 cunr
1325 2392 1415 2457 iustis

348 2514 453 2565 autem
477 2521 542 2564 non
566 2494 862 2575 adnumerabuntur,
886 2512 1012 2584 propter
1040 2494 1288 2564 incredulitatem
1313 2518 1414 2562 suam.

416 2623 446 2670 2.
470 2605 584 2685 Quum
604 2604 644 2668 sit
666 2603 760 2690 igitur
783 2601 933 2669 adversus
953 2623 1065 2668 omnes
1089 2601 1262 2669 haereticos
1282 2600 1416 2668 detectio

346 2728 439 2800 atque
462 2712 620 2777 convictio
643 2711 727 2778 varia
750 2726 780 2776 et
804 2709 984 2790 multifaria,
1000 2726 1030 2775 et
1049 2707 1140 2776 nobis
1156 2711 1352 2798 propositum
1370 2725 1417 2774 est

347 2815 495 2884 omnibus
518 2817 567 2883 his
590 2815 763 2884 secundum
788 2818 927 2905 ipsorum
953 2815 1165 2883 characterem
1194 2811 1416 2896 contradicere,

346 2927 559 2992 necessarium
575 2923 712 2991 arbitrati
733 2949 843 2991 sumus
860 2926 946 3012 prius
964 2923 1079 2991 referre
1096 2922 1217 2990 fontem
1233 2939 1264 2990 et
1279 2921 1416 2990 radicem

346 3054 470 3110 eorum,
486 3031 530 3097 uti
547 3030 811 3098 sublimissimum
828 3032 969 3118 ipsorum
987 3029 1126 3117 Bythum
1144 3051 1351 3120 cognoscens,
1368 3029 1416 3096 in-

345 3138 467 3226 telligas
491 3136 647 3217 arborem,
669 3136 708 3205 de
730 3160 791 3226 qua
814 3136 1012 3203 defluxerunt
1035 3136 1112 3203 tales
1136 3135 1265 3204 fructus.

350 3357 402 3409 ain
432 3357 612 3410 habitaculum
644 3356 813 3410 constituitur
827 3376 853 3409 a.
906 3373 968 3408 nem
988 3355 1059 3408 vitae
1077 3366 1104 3408 et
1123 3354 1284 3428 operationis
1303 3353 1389 3406 illius?

382 3442 424 3509 (1)
445 3441 582 3494 Sententiis:
606 3458 646 3512 gr.
671 3439 719 3493 suit
744 3441 854 3493 Ἐννοια
944 3441 985 3508 (4)
1005 3437 1080 3510 Opus
1104 3439 1175 3512 quod
1199 3439 1271 3492 Deus
1292 3451 1416 3509 operatus

346 3525 389 3578 rel
404 3527 482 3590 Νοῢςς
496 3525 538 3578 his
550 3526 657 3596 gemina
673 3537 811 3578 recurrunt
827 3525 853 3578 in
906 3536 955 3588 est,
974 3523 1129 3594 praesertim
1149 3523 1260 3578 materia
1278 3533 1305 3576 et
1320 3537 1415 3592 corpus

346 3609 393 3672 Εἰς
411 3607 506 3678 tntr.§
527 3607 542 3660 8
562 3607 606 3661 fin.
907 3609 964 3677 (cfr.
979 3609 1025 3672 tx,
1041 3623 1101 3679 3,p.
1118 3605 1188 3676 146).
1222 3606 1414 3678 Attendequid

381 3692 425 3760 (2)
444 3691 463 3744 1.
489 3709 513 3746 e.
540 3709 605 3745 voce
633 3692 777 3746 «omnia»
802 3709 853 3763 qua
907 3693 1026 3746 maxime
1045 3692 1113 3746 iren.
1132 3691 1159 3744 in
1178 3689 1255 3762 gnosi
1274 3687 1415 3761 reprehen-

346 3777 428 3831 utitur
446 3778 559 3831 loannes
578 3779 738 3831 continetur.
907 3776 961 3840 dat,
980 3791 1076 3846 nempe
1095 3773 1298 3846 denegationem
1323 3773 1415 3826 salutis

381 3863 423 3930 (3)
436 3861 522 3915 Deum
539 3879 622 3915 unum
635 3861 715 3934 igitur
730 3851 853 3915 Gnostici
906 3861 999 3924 carno,
1027 3859 1156 3930 huiusque
1186 3857 1415 3914 resurrectionem.

344 3963 449 4018 quoque
467 3959 574 4012 tenent;
593 3947 656 4016 quid
680 3962 745 4018 ergo
763 3946 853 4000 multi·
907 3941 961 3996 Cir.
975 3959 1001 4013 p.
1020 3939 1152 4010 145,156,
1170 3951 1257 4008 not.4
1275 3956 1336 3994 cum
1350 3939 1416 3993 locis

344 4030 410 4083 tudo
420 4031 543 4084 Aeonum
558 4029 636 4084 refert
647 4031 698 4084 nisi
709 4031 854 4084 enarratio-
906 4027 941 4080 ibi
961 4027 1056 4092 citatis,
1076 4043 1100 4097 p·
1122 4040 1182 4096 234,
1201 4035 1257 4080 not.
1281 4039 1290 4078 t
1313 4035 1363 4078 etc.
