3238 5090
213 527 445 601 (LV1,1-LV11).]
609 533 701 582 LIBER
723 534 887 584 sacunous
1217 534 1278 601 471

214 730 314 798 factus
330 746 376 796 est
392 747 423 796 et
442 752 506 796 nou
526 731 710 818 cognoverit
729 755 803 798 eum
821 731 875 820 qui
893 745 1037 819 praestat,
1051 729 1118 818 ipse
1134 753 1168 796 se
1183 730 1284 821 privat

213 838 246 903 in
265 837 426 904 saeculum
450 837 565 904 saeculi
589 839 865 926 perseverantiae>
910 838 949 905 Et
967 835 1039 906 ideo
1058 838 1219 904 Dominus
1237 837 1285 904 di-

214 942 302 1010 cebat
324 944 454 1032 ingratis
477 943 697 1011 exsistentibus
716 945 749 1010 in
768 968 858 1012 eum:
884 944 949 1011 «Si
971 943 1151 1012 inmodico
1175 942 1284 1010 fideles

216 1072 314 1116 «non
338 1047 450 1130 fuistis,
474 1048 558 1138 quod
584 1073 736 1139 magnum
760 1068 807 1118 est
830 1051 900 1138 quis
923 1049 1009 1118 dabit
1030 1050 1143 1118 vobis?
1159 1075 1174 1112 n
1187 1050 1221 1104 (²)
1244 1050 1285 1116 si·

214 1155 377 1245 gnificans‚
395 1157 547 1245 quoniam
565 1158 620 1244 qui
636 1159 668 1223 in
684 1158 807 1226 modica
826 1158 991 1247 temporali
1012 1158 1075 1224 vita
1098 1157 1210 1246 ingrati
1232 1180 1286 1223 ex-

214 1265 359 1330 stiterunt
377 1263 406 1330 ei
425 1264 480 1350 qui
499 1285 570 1330 eam
589 1264 750 1350 praestitit,
771 1265 851 1331 iuste
868 1287 935 1332 non
955 1263 1125 1354 percipient
1141 1263 1179 1330 ab
1195 1286 1234 1330 eo
1252 1263 1285 1330 in

215 1369 376 1436 saeculum
396 1369 510 1436 saeculi
530 1369 759 1457 longitudinem
779 1369 913 1438 dierum.

284 1497 313 1564 3.
327 1475 386 1568 [2].
415 1476 502 1543 Sicut
514 1493 620 1543 autem
632 1475 746 1566 corpus
758 1478 892 1546 animale
904 1480 1008 1567 ipsum
1020 1477 1147 1567 quidem
1161 1493 1286 1545 nonest

215 1585 332 1666 anima,
355 1585 556 1671 participatur
579 1600 683 1650 autem
707 1587 858 1668 animam,
877 1584 1080 1674 quoadusque
1099 1585 1187 1651 Deus
1203 1584 1285 1652 vult:

216 1692 261 1757 sic
284 1707 314 1757 et
337 1691 443 1757 anima
465 1691 531 1778 ipsa
554 1689 682 1777 quidem
706 1714 771 1758 non
795 1707 841 1758 est
860 1693 934 1772 vita,
958 1691 1157 1780 participatur
1180 1707 1285 1758 autem

216 1821 232 1864 a
253 1799 322 1866 Deo
342 1796 401 1864 sibi
417 1798 596 1885 praestitam
612 1798 756 1864 vitam.(³)
802 1797 895 1866 Unde
914 1814 945 1864 et
961 1797 1162 1886 propheticus
1179 1819 1286 1865 sermo

216 1905 254 1973 de
277 1904 471 1992 protoplasto
495 1905 553 1971 ait:
571 1931 587 1968 (ι
605 1903 704 1971 factus
728 1921 775 1971 est
797 1906 831 1972 in
855 1907 993 1973 animam
1017 1905 1124 1972 vivam
1141 1905 1215 1986 »,(4)
1229 1903 1287 1973 do-

216 2035 290 2080 cens
313 2035 383 2092 nos,
406 2013 569 2100 quoniam,
589 2012 764 2080 secundum
777 2014 1047 2102 participationem
1066 2013 1160 2095 vitae,
1176 2013 1288 2080 vivens

217 2119 296 2186 facta
315 2135 363 2185 est
382 2121 497 2201 anima,
512 2120 554 2185 ita
570 2135 603 2185 ut
619 2121 785 2208 separatim
804 2120 933 2210 quidem
956 2121 1061 2188 anima
1085 2120 1288 2210 intelligatur,

218 2227 383 2313 separatim
407 2241 512 2290 autem
531 2247 610 2313 quae
625 2248 697 2314 erga
714 2249 784 2294 eam
800 2242 847 2292 est
863 2229 937 2294 vita.
984 2228 1055 2294 Deo
1070 2227 1174 2315 itaque
1190 2227 1288 2292 vitam

217 2348 248 2399 et
272 2348 453 2420 perpetuam
476 2333 740 2419 perseverantiam
764 2332 912 2417 donante,
936 2335 1018 2422 capit
1040 2351 1071 2402 et
1086 2335 1208 2400 animas
1227 2332 1289 2420 pri-

219 2462 309 2506 munr
333 2462 398 2506 non
422 2439 606 2505 exsistentes
629 2438 742 2506 dehinc
766 2464 975 2528 perseverare,
998 2464 1096 2530 quum
1125 2463 1178 2506 eas
1200 2439 1289 2536 Deus

218 2562 249 2612 et
271 2569 340 2612 esse
364 2562 394 2612 et
418 2543 587 2611 subsistere
610 2545 756 2614 voluerit.
814 2548 988 2635 Principari
1018 2547 1104 2614 enim
1136 2544 1227 2612 debet
1256 2545 1289 2609 in
1391 2607 1394 2612 .

218 2651 367 2718 omuibus
391 2668 421 2717 et
444 2651 601 2719 dominari
625 2653 771 2718 voluntas
794 2653 870 2731 Dei,
895 2653 1011 2739 reliqua
1043 2670 1147 2718 autem
1179 2651 1289 2716 omnia

218 2757 290 2824 buic
315 2758 435 2841 cedere,
459 2775 490 2824 et
513 2758 635 2825 subdita
658 2781 737 2838 esse,
753 2773 784 2825 et
799 2759 831 2824 in
851 2759 1015 2826 servitium
1033 2755 1146 2824 dedita.
1193 2757 1232 2822 Et
1250 2755 1289 2822 de

220 2862 337 2930 factura
353 2864 480 2954 quidem
496 2881 527 2931 et
541 2865 769 2952 perseverantia
785 2865 909 2931 animae
925 2863 1086 2952 hucusque
1101 2862 1220 2931 dictum
1238 2863 1287 2929 sit.

287 3042 366 3109 Car.
391 3041 531 3107 XXXV.
579 3039 682 3131 [WH.
707 3040 831 3131 LVII}
878 3041 1016 3108 Eversto
1033 3041 1188 3106 annrurs
1211 3059 1290 3106 cne-

220 3168 333 3215 toron
350 3166 601 3215 rnsrrcnrtours.
653 3168 680 3214 1.
692 3145 842 3213 Basilides
858 3163 961 3214 autem
978 3163 1008 3213 et
1023 3148 1089 3234 ipse
1104 3168 1196 3233 super
1212 3144 1287 3210 baec

220 3277 298 3343 quae
321 3253 403 3320 dicta
434 3269 506 3319 sunt
530 3270 661 3341 cogetur
689 3251 791 3319 dicere
818 3253 992 3321 secundum
1017 3275 1107 3320 suam
1134 3250 1288 3340 regulam,

255 3423 298 3492 (1)
324 3422 417 3476 «Non
444 3423 515 3493 quod
542 3423 729 3476 destruendam
783 3422 807 3475 ll
833 3421 910 3475 Clem.
932 3421 1004 3488 VIII,
1020 3435 1058 3488 5:
1084 3423 1117 3475 ut
1139 3423 1171 3474 τὸ
1195 3423 1288 3488 μικρὸν

225 3520 274 3561 «et
293 3508 321 3561 in
339 3508 453 3561 nibilum
483 3507 654 3579 redigendam
674 3507 729 3560 eius
783 3510 833 3562 οὐκ
851 3509 1007 3575 impluere,
1024 3509 1056 3560 τὸ
1080 3509 1150 3574 μέγα
1172 3509 1211 3569 τίς
1230 3507 1289 3572 ὑμῖν

225 3593 366 3646 «animam
379 3593 443 3646 velit
456 3592 581 3646 irenaeus
593 3593 636 3663 qui
650 3591 729 3645 toties
783 3595 877 3660 δώσεις
887 3590 932 3644 cfr,
943 3590 1007 3644 Bibl.
1015 3590 1035 3656 l,
1043 3605 1081 3654 111,
1092 3608 1116 3661 p.
1131 3605 1187 3659 174,
1198 3599 1253 3642 not.
1263 3603 1289 3654 4.

225 3675 339 3729 «asserit
362 3693 462 3746 poenas
481 3688 507 3729 et
526 3677 615 3748 ignem
641 3693 730 3747 repro·
819 3677 859 3745 (3)
879 3675 1004 3746 Respexit
1022 3674 1099 3738 Item,
1119 3685 1146 3726 ut
1166 3675 1289 3726 observat

224 3783 237 3812 u
247 3763 341 3814 borum
361 3773 498 3814 aeternum
518 3759 587 3814 lore:
600 3761 646 3814 sed
659 3761 729 3832 quod
783 3760 885 3820 Gutus,
899 3761 996 3831 absque
1011 3759 1091 3812 dubio
1104 3759 1206 3812 lustru.
1218 3757 1289 3812 Dial.

224 3857 354 3897 «aeterna
381 3846 434 3896 vita
462 3861 490 3898 se
517 3845 602 3914 privet
633 3845 729 3914 impius
783 3864 804 3900 c.
818 3843 949 3917 Tryplr.6:
964 3847 1069 3912 Οὓζωὴ
1083 3845 1290 3910 οῦσαζῇ,ᾰλλά

224 3951 237 3979 e
248 3940 414 4000 mortemque
434 3941 571 3982 aeternam
584 3929 632 3982 sibi
645 3929 729 3982 adsci·
783 3932 1022 3998 μεταλαμβάνουσα
1057 3935 1106 3996 τῆς
1142 3930 1224 3994 ζωῆς,

225 4026 340 4078 ‹escatm
359 4013 497 4067 Mnssuer.
783 4017 855 4081 ζωῆς
875 4017 905 4066 δὲ
924 4017 998 4082 ψυχὴ
1018 4015 1132 4081 μετέχει,
1158 4014 1216 4063 teet
1240 4013 1290 4076 ζῇν

258 4099 299 4166 (2)
319 4097 373 4151 Cfr.
393 4098 459 4152 Lus.
471 4092 551 4162 XVI,
575 4112 667 4163 10-12,
687 4098 729 4150 ubi
783 4102 865 4166 αὐτὴν
893 4101 908 4150 ὁ
936 4099 1004 4161 θεὸς
1031 4099 1162 4164 βούλεται.
1219 4092 1290 4146 Haec

221 4195 312 4237 tamen
331 4183 411 4236 verba
431 4183 480 4236 bac
501 4182 603 4236 ratione
618 4199 673 4235 non
686 4199 730 4235 ex·
784 4201 847 4236 vero
859 4194 921 4236 sunt
934 4194 1025 4235 contra
1038 4181 1120 4236 Patr.
1131 4177 1221 4233 Phaed.
1233 4191 1290 4243 105.

222 4281 302 4324 stant.
351 4270 488 4324 Consonat
510 4281 602 4324 tamen
621 4268 732 4323 Irenaeo
820 4270 863 4337 (4)
884 4265 947 4319 Gen.
968 4265 1001 4332 ll,
1020 4282 1059 4336 17.
