3172 5044
354 416 394 481 30
768 413 1008 462 ruotaoousns

350 635 455 685 rores
482 636 531 686 ex
559 626 634 684 tam
664 612 780 684 ubere
808 609 916 706 copia
944 608 1096 707 selegit:
1128 608 1282 706 Papiam
1320 605 1421 681 enim

351 736 497 810 nonnisi
525 736 637 810 semel
661 735 767 808 affert
798 735 846 807 ad
875 733 1264 808 confirmandam
1294 757 1421 804 narra-

349 861 490 934 tionem
520 861 569 934 de
589 859 792 934 chiliastica
810 860 920 934 vinea
941 859 1004 956 [V,
1029 885 1089 954 33,
1115 865 1177 957 3];
1199 885 1248 934 ex
1267 859 1421 956 reliquis

350 983 581 1083 presbyteris
601 983 747 1057 nonnisi
767 1010 896 1070 unum,
919 987 1021 1082 quod
1049 986 1167 1058 teneri
1190 1010 1262 1058 non
1287 985 1417 1081 possit,

349 1107 419 1183 sibi
449 1109 614 1194 assumit,
637 1108 659 1180 i.
682 1132 714 1181 e.
737 1107 927 1182 Christum
956 1111 1088 1183 saltem
1108 1132 1156 1182 xt.
1174 1134 1324 1182 annum
1338 1109 1421 1184 atti-

349 1233 462 1332 gisse,
484 1250 522 1308 et
541 1234 613 1306 hoc
633 1232 755 1331 magis
773 1258 820 1306 ex
840 1250 1083 1330 praepostera
1111 1233 1422 1330 interpretatione

351 1360 401 1432 Io.
424 1358 521 1442 VIII,
546 1378 605 1450 57,
629 1383 741 1454 quam
759 1383 810 1432 ex
842 1355 986 1431 illorum
1015 1357 1231 1431 testimonio
1250 1383 1421 1432 asserere

348 1485 509 1558 videtur.
567 1483 620 1555 At
649 1483 781 1556 horum
810 1498 954 1556 tantum
984 1507 1126 1567 caussa,
1150 1482 1420 1580 pretiosissima

349 1632 522 1706 quaeque
550 1607 599 1680 ab
627 1631 674 1679 eo
703 1607 819 1680 relata
845 1606 1076 1703 vilipendere
1113 1605 1281 1702 iniquum
1316 1621 1420 1679 certe

350 1731 574 1806 censebitur.

430 1855 611 1953 Superest
647 1855 761 1954 igitur
795 1856 844 1929 ad
881 1858 977 1931 hanc
1005 1854 1264 1930 tractationem
1297 1854 1420 1930 absol-

348 1981 511 2054 vendam
541 1997 582 2053 ut
609 1980 657 2053 de
686 1996 790 2053 textu
821 1981 866 2051 N.
889 1980 935 2053 T.
967 2006 1079 2078 quem
1109 1979 1243 2078 legerit
1270 1981 1315 2053 Ir.
1337 2007 1421 2055 ver-

350 2106 439 2178 bum
476 2105 669 2179 addamus.
735 2107 821 2178 Non
854 2106 1029 2179 omnibus
1069 2106 1231 2180 numeris
1268 2107 1420 2204 probari

349 2243 475 2325 potest
508 2226 636 2325 opinio
669 2228 862 2302 Massuetii
893 2228 1121 2303 differentias
1153 2230 1263 2303 huius
1291 2246 1419 2305 textus

348 2354 397 2427 ab
427 2353 622 2440 hodierno,
654 2356 698 2427 lr.
733 2355 858 2452 potius
893 2371 931 2427 et
964 2355 1167 2452 interpreti,
1207 2381 1319 2452 quarn
1356 2382 1420 2430 co-

350 2477 496 2550 dicibus
542 2479 806 2563 adscribentis;
854 2481 1005 2553 obstant
1053 2481 1152 2554 enim
1199 2481 1418 2578 frequentes

348 2603 450 2698 apud
479 2603 660 2676 Nostrum
688 2604 960 2701 disputationes
980 2607 1027 2679 de
1048 2606 1213 2704 genuina
1233 2606 1352 2680 forma
1372 2631 1418 2680 ac

348 2751 463 2799 sensu
494 2726 731 2801 minimorum
759 2727 872 2802 etiam
899 2730 1101 2802 verborum
1132 2731 1214 2824 [csr.
1236 2756 1269 2802 v.
1292 2756 1329 2828 g.
1352 2731 1415 2817 Ill,

353 2869 384 2941 7,
410 2851 444 2934 8,
475 2875 540 2934 12;
563 2850 609 2938 V,
633 2874 692 2944 30,
722 2876 751 2938 1,
779 2851 870 2950 etc]
901 2869 940 2925 et
967 2851 1057 2925 satis
1085 2869 1280 2950 comperta
1308 2853 1418 2927 inter-

347 2975 466 3070 pretis
504 2975 607 3048 fides.
666 2977 796 3049 Manet
832 3001 938 3074 ergo,
970 3003 1082 3072 quam
1112 2978 1185 3050 iam
1214 2977 1263 3050 de
1291 2976 1337 3050 V.
1368 2976 1416 3050 T.

348 3096 522 3185 diximus,
552 3099 715 3173 varietas
743 3099 897 3174 codicis:
929 3101 992 3196 qui
1021 3117 1147 3174 tamen
1166 3101 1321 3175 omnino
1341 3127 1417 3174 non

348 3221 496 3295 videtur
516 3223 765 3297 intercidisse:
798 3224 827 3296 si
856 3225 955 3298 enim
976 3242 1120 3299 textum
1140 3252 1330 3324 graecum,
1353 3227 1418 3325 qui

348 3362 521 3420 vetustae
550 3349 664 3422 Italae
692 3349 853 3422 versioni
883 3351 1021 3435 subest,
1054 3349 1162 3423 simul
1183 3377 1267 3425 cum
1287 3377 1334 3425 eo
1353 3351 1418 3449 qui

349 3495 371 3543 a
390 3470 545 3566 syriaca,
564 3474 784 3568 praesertim
804 3474 981 3548 Sinaitica
1001 3492 1038 3548 et
1058 3475 1313 3550 Curetoniana
1333 3501 1417 3575 pro·

349 3593 457 3679 ditur,
487 3598 731 3682 conseramus
755 3600 798 3671 Ir.
821 3599 942 3673 littera
962 3600 1061 3673 haud
1081 3600 1209 3698 procul
1231 3599 1417 3676 iacebit.(¹)

418 3791 461 3858 (1)
480 3790 520 3842 Cl.
536 3791 651 3844 Snuonr
667 3793 762 3845 initum
781 3815 794 3843 u
804 3793 905 3846 lrennei
921 3793 1029 3848 Nouum
1045 3795 1276 3850 Testamentum»
1296 3798 1417 3850 nondum

346 3875 468 3929 absolvit.
507 3876 585 3929 Plura
604 3878 737 3947 percipere
756 3892 794 3931 est
815 3881 883 3948 apud
902 3880 1035 3944 Burni-r,
1057 3881 1212 3952 Euarrgelion
1232 3881 1275 3934 Da
1296 3881 1422 3954 Maphor-

347 3957 423 4022 rurlrr,
449 3971 513 4026 1905
536 3956 593 4025 (csr.
614 3975 638 4009 v.
658 3976 683 4028 g.
703 3959 740 4011 Io.
760 3958 780 4023 l,
803 3975 846 4027 133
867 3960 961 4014 lllatth.
982 3960 1105 4027 XXVIII,
1134 3978 1174 4034 19,
1194 3962 1288 4015 Matth.
1309 3976 1336 4016 et
1354 3963 1418 4018 Luc.

347 4043 449 4110 geneal.
476 4058 537 4094 cum
562 4041 626 4094 locis
644 4042 712 4095 Iren.
732 4045 862 4111 conlata):
883 4046 934 4098 alia
954 4046 1022 4116 apud
1044 4046 1129 4115 ipsum
1149 4047 1272 4111 Sinum,
1295 4045 1345 4101 Tua
1366 4047 1418 4101 Old

349 4123 424 4178 ltulu.
