3274 5100
351 464 414 529 334
616 461 743 506 taenara
768 459 928 506 retunsus
952 457 1108 506 uaeaesr-:s
1183 454 1255 524 [urg
1278 454 1383 520 5-V111,
1404 471 1420 508 2

348 656 465 738 Deum,
489 655 542 742 qui
566 677 583 720 a
607 654 776 741 semetipso
801 651 873 718 fecit
897 673 1034 738 eaquae
1063 649 1248 718 factasunt.
1295 652 1358 716 Ant
1381 649 1421 716 de

348 760 530 829 hominibus
545 758 673 850 quidem
691 759 801 848 aliquis
815 759 964 847 permittit
987 781 1004 824 a
1021 757 1196 845 semetipsis
1215 757 1290 824 utile
1305 755 1422 845 aliquid

348 868 500 936 advitam
519 866 731 934 adinvenisse:
752 867 781 932 ei
799 882 904 932 autent
921 866 1002 946 Deo,
1021 866 1076 953 qui
1095 863 1250 931 mundum
1271 887 1423 931 consum-

350 975 458 1056 mavit,
482 997 546 1040 non
578 974 770 1061 permittita
799 973 968 1061 semetipso
996 970 1107 1038 fecisse
1139 973 1275 1060 speciem
1308 995 1422 1037 eorum

349 1103 427 1169 quae
451 1079 529 1148 lacta
552 1095 634 1162 sunt,
655 1095 685 1145 et
708 1078 964 1145 adinventionem
987 1095 1114 1145 ornatae
1137 1077 1376 1166 dispositionis?

419 1189 447 1253 6.
471 1185 566 1254 Unde
592 1202 698 1252 antem
722 1201 753 1252 et
775 1186 851 1252 haec
880 1184 1007 1252 illorum
1039 1187 1205 1273 imagines,
1227 1208 1327 1274 quum
1358 1187 1423 1252 sint

348 1293 409 1360 illis
430 1293 594 1374 contraria,
611 1308 642 1358 et
658 1293 690 1358 in
709 1292 797 1359 nullo
820 1293 941 1380 possint
960 1293 1004 1358 eis
1021 1293 1280 1358 communicare?
1327 1293 1422 1374 Quae

349 1403 434 1468 enim
459 1417 531 1467 sunt
554 1401 720 1482 contraria,
745 1422 869 1483 eornm,
892 1421 1029 1489 quorum
1061 1416 1134 1466 sunt
1162 1401 1327 1482 contraria,
1351 1423 1423 1466 esse

348 1506 475 1596 quidem
500 1524 632 1595 possunt
651 1507 792 1587 exitiosa,
807 1507 961 1595 imagines
976 1528 1053 1573 vero
1069 1505 1156 1573 nullo
1176 1505 1294 1573 modo:
1310 1529 1422 1595 quem-

348 1611 522 1680 admodum
545 1635 624 1700 aqua
647 1613 723 1700 igni,
740 1629 770 1678 et
784 1633 893 1678 rursus
912 1611 1021 1678 lumen
1039 1610 1187 1693 tenebris,
1203 1627 1234 1677 et
1249 1610 1308 1677 alia
1323 1627 1421 1693 tanta,

348 1741 546 1806 nequaquam
570 1735 661 1784 erunt
685 1717 821 1784 invicem
841 1718 1004 1805 imagines.
1052 1718 1177 1785 sicnec
1196 1739 1329 1806 eaquae
1348 1733 1423 1782 sunt

349 1823 572 1914 corruptibilia,
583 1841 612 1891 et
624 1843 756 1904 terrena,
769 1840 799 1890 et
812 1826 998 1912 composita,
1007 1841 1038 1891 et
1049 1826 1285 1913 praetereuntia,
1297 1847 1422 1908 eorum,

349 1953 428 2018 quae
447 1930 620 1998 secundum
648 1953 703 1996 eos
734 1946 806 1997 sunt
825 1930 1023 2018 spiritalium,
1049 1932 1202 2019 imagines
1229 1947 1335 1997 erunt:
1360 1931 1421 1996 nisi

350 2053 380 2104 et
403 2037 468 2124 ipsa
492 2039 679 2125 composita,
699 2038 779 2103 etin
803 2038 1105 2124 circumscriptione,
1124 2053 1154 2103 et
1177 2038 1210 2102 in
1232 2035 1422 2125 figuratione

350 2141 557 2210 confiteantur
575 2167 654 2226 esse,
673 2161 784 2210 ernon
800 2145 864 2209 iarn
885 2142 1033 2232 spiritalia
1049 2160 1079 2211 et
1094 2142 1193 2210 effusa
1208 2160 1238 2211 et
1254 2143 1421 2232 locupletia

350 2266 380 2316 et
401 2249 740 2338 incomprehensibilia.
786 2251 925 2317 Necesse
948 2267 994 2316 est
1018 2253 1102 2322 enim
1128 2274 1162 2317 ea
1183 2253 1216 2317 in
1234 2249 1422 2339 figuratione

350 2379 428 2438 esse,
452 2373 482 2422 et
505 2358 806 2445 circumscriptione,
825 2374 859 2423 ut
883 2359 944 2422 sint
967 2359 1122 2444 imagines
1146 2379 1255 2424 verae:
1280 2375 1309 2423 et
1329 2356 1422 2424 abso·

350 2464 449 2530 lutum
469 2482 516 2530 est
535 2486 570 2529 ea
589 2487 653 2530 non
677 2487 744 2530 esse
768 2464 965 2552 spiritalia<¹>
1010 2465 1043 2531 Si
1066 2481 1171 2530 autem
1195 2465 1248 2530 illa
1271 2465 1421 2552 spiritalia

349 2584 379 2633 et
405 2568 503 2634 effusa
527 2584 557 2634 et
580 2567 909 2656 incomprehensibilia
940 2566 1057 2648 dicunt,
1080 2567 1244 2657 quomodo
1275 2583 1418 2656 possunt,

349 2697 427 2762 quae
446 2691 518 2740 sunt
534 2673 691 2763 infigura,
708 2692 738 2740 et
754 2677 786 2740 in
803 2676 1104 2762 circumscriptione,
1122 2677 1274 2763 imagines
1292 2675 1420 2742 illorum

350 2805 428 2860 esse,
451 2782 549 2870 quie>
571 2799 643 2848 sunt
667 2783 734 2847 sine
757 2780 942 2869 figuratione
966 2799 996 2847 er
1020 2781 1374 2869 incomprehensibiles?

416 2909 447 2975 7.
474 2890 506 2956 Si
530 2905 636 2955 autem
660 2880 747 2979 [nec]
768 2888 942 2956 secundum
970 2887 1203 2977 figurationem,
1226 2913 1283 2956 nec
1307 2912 1420 2955 secun-

349 2994 425 3063 dum
458 2994 691 3075 formationem,
718 2995 772 3062 sed
805 2994 977 3061 secundum
1011 3017 1181 3062 numerum
1212 3011 1242 3062 et
1273 2996 1419 3063 ordinent

349 3103 528 3168 emissionis
559 3104 712 3190 imagines
740 3125 776 3168 ea
803 3101 907 3168 dicent
938 3124 1025 3168 esse:
1057 3103 1161 3189 primo
1191 3101 1318 3190 quidem
1352 3127 1419 3170 non

349 3225 453 3274 essent
484 3211 636 3297 imagines
668 3207 797 3276 dicenda
821 3208 897 3275 haec
921 3225 950 3274 et
974 3206 1194 3274 similitudines
1218 3230 1341 3289 eorum,
1364 3211 1420 3296 qui

350 3341 476 3383 sursum
500 3334 571 3382 sunt
591 3319 749 3383 Aeonum.
797 3317 890 3398 Quae
909 3318 995 3382 enim
1014 3339 1070 3382 nec
1095 3315 1237 3382 habitum
1261 3339 1318 3382 nec
1337 3315 1420 3405 figu-

350 3448 417 3491 ram
434 3424 562 3490 illorum
578 3423 702 3504 habent,
714 3422 985 3512 quemadmodum
998 3425 1151 3512 imagines
1168 3439 1241 3490 sunt
1256 3425 1419 3510 ipsorum?

349 3532 426 3597 Post
449 3530 560 3597 deinde
584 3547 614 3596 et
632 3553 782 3597 numeros
801 3547 831 3596 et
846 3531 1031 3595 emissiones
1051 3531 1249 3617 superiorum
1268 3533 1418 3596 Aeonum

384 3683 426 3750 (ι)
446 3681 530 3734 locus
550 3681 660 3752 insignis
676 3681 709 3734 ad
725 3680 856 3734 definitio·
909 3694 1041 3747 actuosus,
1074 3695 1100 3736 et
1134 3682 1417 3753 incomprehensibilis.

348 3783 410 3820 nem
425 3767 528 3836 spiritrls
544 3766 571 3818 in
587 3766 655 3818 iren.
668 3765 798 3819 sententia
812 3782 856 3818 co·
909 3765 971 3818 Non
989 3766 1080 3818 omnia
1099 3767 1165 3820 haec
1189 3766 1345 3837 simpliciter
1362 3770 1418 3820 arri-

347 3851 568 3920 cognoscendam.
614 3850 725 3921 Spiritus
750 3851 856 3921 quidem
910 3867 964 3903 anae
974 3852 1117 3905 convenire
1127 3851 1258 3905 videntur.
1289 3851 1418 3924 Clr.quo-

348 3936 420 3988 iuxta
435 3935 510 3988 illurn
530 3935 628 3988 nedum
643 3935 856 4006 incorruptibilis,
910 3952 960 4006 que
973 3935 1040 3988 infra
1056 3938 1102 3989 sub
1116 3935 1160 3988 lin.
1177 3936 1206 4005 §§
1219 3951 1277 4001 x111,
1292 3953 1317 4006 7;
1335 3953 1415 4004 xvtn,

348 4021 468 4090 simplex,
481 4022 719 4091 incircumscriptus,
732 4020 855 4090 bulgaro·
913 4027 935 4086 1,
954 4035 1052 4086 53x1x,
1071 4037 1081 4089 5
1100 4033 1149 4074 etc.

349 4111 386 4156 lus
403 4116 429 4158 et
445 4122 603 4176 permanens
619 4105 677 4169 erit,
692 4106 736 4158 sed
753 4121 856 4175 quoque
945 4107 987 4174 (2)
1007 4107 1113 4159 Aeones
1132 4121 1237 4176 nempe.

348 4191 448 4258 effarier,
471 4200 496 4242 et
522 4190 646 4258 locuples
666 4189 682 4241 i.
696 4207 717 4242 e.
739 4189 856 4242 niaxime
