3288 5060
376 453 435 518 190
659 452 786 499 IRENAEl
810 451 970 498 ADVERSUS
993 452 1148 498 HAERESES
1317 451 1401 522 [le,
1424 467 1435 520 5

370 667 444 718 sunt
456 671 593 728 sursum,
606 647 837 714 elementorum
850 668 1029 713 numerum.
1069 647 1173 712 Mutas
1182 647 1215 700 (¹)
1230 649 1315 714 enim
1332 648 1439 716 literas

371 780 488 823 novem
512 771 585 844 puta
615 777 684 821 esse
715 755 815 819 Patris
839 769 869 818 et
892 752 1051 834 Veritatis
1081 755 1230 840 quoniam
1263 755 1330 821 sine
1358 779 1438 824 voce

370 863 443 944 sint,
457 862 516 929 hoc
528 879 586 943 est,
598 877 628 926 er
639 857 860 926 inenarrabiles
872 875 902 925 et
916 857 1143 946 ineloquibiles.
1183 860 1396 929 Semivocales
1405 863 1440 918 (²)

370 987 481 1038 m
498 992 598 1060 quum
620 969 682 1034 sint
705 982 789 1047 octo,
813 967 893 1056 Logi
917 990 985 1034 esse
1008 982 1039 1033 et
1062 968 1152 1050 Zoes‚
1175 970 1326 1055 quoniam
1349 973 1438 1058 quasi

370 1077 490 1144 mediae
503 1076 822 1142 sintintermet
830 1073 954 1140 vocales
966 1099 973 1140 ε
990 1090 1020 1139 et
1031 1075 1167 1162 recipere
1180 1098 1292 1141 eorum
1307 1075 1437 1164 quidem

368 1206 447 1272 quae
478 1203 571 1271 super
594 1183 666 1262 sint,
697 1181 949 1262 emanationem,
972 1202 1082 1250 eorum
1114 1202 1191 1247 vero
1212 1204 1292 1270 quae
1316 1181 1439 1248 subsint

369 1287 629 1356 elevationem.(³>
673 1287 807 1353 Vocales
835 1302 940 1353 autern
964 1302 995 1352 et
1017 1288 1107 1374 ipsa
1123 1303 1242 1378 septem
1267 1311 1346 1369 esse,
1370 1291 1439 1355 An-

369 1395 474 1482 thropi
497 1410 528 1461 et
550 1392 720 1460 Ecclesiae:
744 1392 893 1480 quoniam
919 1414 972 1479 per
995 1392 1196 1480 Anthropum
1221 1416 1288 1460 vox
1307 1416 1438 1488 progre-

369 1499 457 1568 diens
484 1498 633 1566 formavit
661 1498 778 1564 omnia.
789 1497 823 1551 (4)
868 1497 971 1563 Sonus
999 1497 1084 1563 enim
1115 1499 1202 1564 vocis
1230 1496 1366 1564 formam
1391 1501 1444 1568 eis

368 1604 583 1673 circumdedit.
629 1604 685 1670 Est
712 1605 806 1691 igitur
837 1603 944 1691 Logos
974 1602 1091 1668 habens
1114 1621 1145 1670 et
1172 1605 1235 1670 Zoe
1258 1624 1323 1670 mn.
1369 1607 1439 1672 An-

369 1714 499 1802 thropos
517 1728 623 1778 autem
646 1726 676 1777 et
700 1709 839 1776 Ecclesia
860 1731 914 1775 νιι.
961 1709 1052 1776 Pater
1072 1727 1176 1776 autern
1200 1727 1230 1776 et
1249 1711 1373 1778 Alethia
1391 1731 1435 1778 nc.

370 1821 415 1886 Ex
449 1819 564 1884 minori
592 1833 695 1884 autem
729 1817 973 1904 computatione,
985 1815 1018 1870 (5)
1040 1817 1094 1903 qui
1117 1833 1182 1882 erat
1205 1817 1286 1905 apud
1310 1819 1437 1884 Patrem

369 1990 431 2046 σῶν
444 1983 494 2044 τόν
508 1980 578 2044 όλον
593 1988 652 2043 τῶν
666 1981 727 2042 ἄνω
742 1975 899 2061 στοιχείων
920 1977 1058 2062 ἀριθμόν.
1099 1977 1148 2042 Τὰ
1170 1980 1227 2062 μὲν
1247 1981 1307 2064 γὰρ
1330 1981 1438 2062 ἄφωνα

368 2088 531 2174 γράμματα
554 2085 639 2149 ἐννέα
662 2084 781 2169 νόμισον
805 2085 877 2147 είναι
899 2091 952 2146 τοῦ
976 2081 1096 2166 Πατρός
1113 2085 1165 2147 καὶ
1182 2093 1236 2169 της
1255 2083 1437 2171 Ἀληθείας,

369 2195 418 2258 διὰ
435 2197 469 2258 τό
487 2191 623 2276 ἀφώνους
640 2193 747 2266 αὐτοὺς
766 2192 849 2270 εῖναι,
868 2189 1019 2253 τουτέστιν
1037 2189 1181 2274 ἀρρήτους
1199 2194 1252 2254 καὶ
1269 2192 1437 2276 ἀνεκλαλή-

369 2322 447 2378 τους.
496 2299 546 2364 Τὰ
568 2299 601 2363 δὲ
623 2297 770 2382 ἡμίφωνα,
791 2298 871 2361 όιιτὼ
894 2298 976 2380 όντα,
1000 2306 1052 2361 τοῦ
1071 2297 1174 2382 Λόγου
1192 2301 1315 2384 καὶτῆς
1339 2299 1435 2385 Ζωης,

369 2409 419 2472 διὰ
429 2410 463 2471 τό
480 2405 559 2490 μέσα
573 2405 675 2489 ὥσπερ
686 2403 832 2487 ὑπάρχειν
846 2409 905 2466 τῶν
920 2423 953 2466 τι
966 2401 1091 2486 ἀφώνων
1105 2406 1158 2467 καί
1173 2413 1231 2467 τῶν
1245 2406 1436 2488 φωνηέντων·

368 2517 421 2579 καί
436 2510 643 2597 ἀναδέχεσθαι
656 2519 714 2574 τῶν
726 2511 782 2594 μὲν
793 2508 926 2593 ὕπερθεν
936 2511 989 2592 τὴν
1000 2508 1173 2593 ἀπόρροιαν,
1185 2517 1243 2574 τῶν
1255 2509 1283 2573 δ’
1295 2510 1347 2575 ὑπ’
1358 2514 1439 2576 αὐτὰ

368 2623 422 2704 τὴν
444 2617 605 2702 ἀναφοράν.
652 2614 700 2678 Τὰ
718 2615 751 2679 δὲ
770 2614 924 2699 φωνήεντα
941 2617 993 2678 καὶ
1012 2617 1088 2678 αὐτὰ
1104 2615 1183 2680 ἑπτὰ
1200 2619 1271 2681 όντα
1294 2627 1347 2682 τοῦ
1364 2617 1437 2684 Ἀν-

368 2725 494 2811 θρώπου
516 2726 568 2788 καί
586 2733 637 2809 της
661 2720 858 2807 Ἐκιιλησίας,
882 2721 949 2785 ἐπεὶ
970 2722 1019 2785 διὰ
1041 2730 1094 2785 τοῦ
1118 2720 1302 2806 Ἀνθρώπου
1318 2724 1337 2807 ἡ
1352 2728 1437 2810 φωνὴ

368 2832 574 2919 προελθοῦσα,
591 2830 747 2914 ἐμόρφωσε
761 2832 799 2892 τὰ
814 2827 881 2892 όλα.
924 2826 961 2893 Ὁ
976 2832 1036 2913 γὰρ
1049 2831 1125 2914 ηχος
1139 2839 1192 2913 της
1205 2840 1303 2914 φωνης
1319 2833 1437 2916 μορφὴν

367 2941 467 3015 αὐτοῖς
490 2938 707 3024 περιεποίησεν.
753 2935 859 3002 Ἔστιν
875 2937 927 2998 σόν
941 2935 957 2998 ό
972 2937 1027 3019 μὲν
1043 2933 1143 3019 Λόγος
1165 2938 1246 3020 ἔχων
1263 2939 1348 3020 καὶὴ
1365 2937 1436 3022 Ζωὴ

368 3047 406 3109 τόι
418 3045 509 3122 όκτὼ,
526 3043 543 3106 ό
558 3043 592 3105 δὲ
607 3041 792 3126 Ἀνθρωπος
806 3041 891 3122 καὶὴ
909 3039 1081 3124 Ἐκκλησία
1095 3044 1133 3104 τὰ
1147 3041 1234 3125 ἑπτὰ,
1247 3043 1263 3106 ό
1279 3043 1313 3106 δὲ
1330 3043 1438 3129 Πατὴρ

368 3155 421 3216 καί
438 3153 458 3236 η
478 3150 632 3234 Ἀλήθεια
653 3153 691 3212 τόι
710 3146 806 3213 ἐννέα.
853 3144 925 3210 Ἐπὶ
943 3146 976 3209 δὲ
994 3155 1048 3211 τοῦ
1066 3147 1284 3233 ὑστερήσαντος
1308 3149 1400 3234 λόγου
1419 3151 1438 3214 ό

373 3335 548 3386 «universum
561 3349 701 3386 numerum
714 3330 873 3384 horumele-
926 3335 1073 3404 (ἀναφορά)
1102 3334 1290 3405 subsequentes
1318 3337 1436 3392 Aeonas.

374 3439 387 3468 ιι
396 3429 549 3471 mentorum
567 3434 634 3487 quae
652 3433 755 3470 sursum
778 3427 873 3468 sunt».
927 3416 990 3469 Ideo
1008 3417 1112 3471 mediae
1131 3431 1192 3472 sunt
1211 3419 1280 3473 inter
1301 3433 1435 3493 utrasque.

369 3501 510 3565 Quaenam
523 3512 611 3554 autem
626 3501 678 3554 sint
692 3503 743 3554 hae
755 3501 874 3566 virtutes,
963 3501 1005 3568 (4)
1020 3500 1074 3554 cfr.
1090 3500 1201 3556 sortasse
1216 3502 1278 3556 Gen.
1293 3504 1325 3569 ll,
1342 3520 1437 3576 19-20.

369 3603 433 3639 mox
449 3585 557 3638 dicetur.
929 3585 1017 3637 Adam
1035 3587 1107 3638 enim
1126 3586 1199 3640 hebr.
1210 3588 1337 3642 =H0m0.

405 3673 448 3738 (1)
467 3671 557 3724 Mutae
576 3681 645 3736 sunt,
664 3683 692 3723 ut
711 3683 805 3724 notum
828 3683 875 3735 est,
965 3672 1007 3744 (5)
1028 3670 1114 3724 Habes
1142 3687 1206 3742 ergo
1234 3687 1250 3743 9
1276 3674 1357 3744 (apud
1386 3675 1437 3728 Pa·

370 3771 399 3810 nr
419 3755 520 3820 literae,
539 3772 644 3826 nempe,
664 3759 686 3821 β,
703 3772 729 3822 γ,
749 3758 791 3806 ό-
803 3771 830 3819 π,
849 3773 876 3819 τι,
929 3757 1019 3822 trem),
1039 3754 1055 3807 8
1074 3755 1158 3826 (apud
1187 3754 1302 3826 Logon),
1319 3773 1333 3826 7
1353 3759 1436 3829 (apud

370 3860 450 3912 μφ,
465 3858 492 3908 χ,
508 3842 537 3894 ὃ,
930 3838 1116 3909 Anthropon):
1144 3839 1189 3892 sel.
1218 3841 1435 3912 degradationem

405 3928 447 3993 (a)
467 3925 644 3978 Semivocales
663 3927 688 3990 λ,
707 3943 734 3991 μ,
753 3943 775 3988 ν,
794 3943 841 3994 ρ-
853 3941 877 3989 σ,
929 3924 1081 3994 quamdam,
1100 3939 1155 3976 non
1174 3924 1304 3978 unitatem
1322 3928 1436 3981 numeri.

370 4014 395 4077 ζ,
414 4013 437 4076 ξ,
456 4015 489 4078 ψ;
509 4011 554 4063 scl.
574 4021 644 4062 oct0.
929 4007 966 4061 Ut
985 4008 1050 4060 haec
1063 4008 1215 4062 restituatur
1229 4025 1336 4064 necesse
1355 4024 1435 4066 estut

408 4096 448 4164 (3)
467 4094 517 4148 Scl.
540 4105 698 4148 emanantur
722 4094 875 4160 (ἀπόρροια)
931 4109 1012 4145 uniam
1027 4110 1060 4146 ex
1073 4093 1211 4147 elementis
1224 4111 1291 4165 quae
1304 4097 1372 4166 apud
1387 4095 1435 4149 Pa·

370 4178 631 4250 apraecedenribus,
659 4188 784 4230 emanant
812 4193 876 4230 vero
930 4190 998 4230 trem
1017 4189 1077 4231 sunt
1099 4178 1266 4250 (9:841)
1295 4180 1436 4234 descendat
