3274 5100
210 519 513 592 (xl'11‚1-xl'lll,r).]
608 519 698 566 LIBER
720 518 885 565 SECUNDUS

1215 513 1277 580 359

212 738 463 786 nesnounenunr
487 737 528 782 ET
547 735 696 782 ortanus:
721 734 761 780 ετ
780 733 947 788 Quonono
967 735 1007 779 xo
1030 733 1100 780 insrs
1118 733 1177 786 Qut
1196 731 1278 777 suxr

212 849 232 892 x
257 826 452 892 Vateunuo
477 843 577 890 ruma
600 840 816 902 sunesenuur,
840 840 976 894 erusQun
999 840 1082 886 suna
1104 838 1278 884 secuxnun

213 953 270 999 eos
289 953 446 999 assutae.
458 930 492 984 (¹)
541 949 567 996 1.
584 929 688 994 Multo
704 927 905 994 verisimilius
922 944 953 992 et
968 928 1085 1015 gratius
1101 924 1139 993 de
1155 927 1280 990 univer·

214 1061 323 1104 sorum
342 1038 449 1126 genesi
468 1034 545 1102 dixit
565 1057 646 1100 unus
665 1033 703 1099 de
722 1031 878 1098 veteribus
898 1034 1029 1099 comicis
1048 1029 1282 1118 Antiphanes&

249 1218 292 1284 (1)
308 1215 364 1268 lloc
383 1214 469 1286 capite
485 1213 608 1267 Irenaeus
626 1229 658 1265 ea
677 1229 722 1266 ex-

213 1299 292 1370 quirit
302 1315 369 1370 quae
385 1299 453 1368 apud
462 1299 581 1352 ethnicos
595 1303 685 1368 poetas
696 1307 722 1350 et

215 1383 723 1456 philosophoanosticorumcommen·

214 1470 248 1521 tis
268 1469 374 1539 propius
387 1468 523 1521 accedant.
563 1466 684 1519 Imitatur
697 1483 722 1518 v.

215 1571 240 1622 g.
261 1553 427 1605 Herodotum
446 1551 489 1622 qui
509 1551 542 1604 ad
561 1562 724 1620 metempsy-

215 1636 318 1689 chosim
338 1634 543 1706 expugnandam
563 1645 637 1705 putat
653 1633 724 1686 sulli-

215 1738 274 1773 cere
293 1737 352 1773 eam
372 1719 521 1772 doctrinam
537 1719 569 1771 ab
584 1717 725 1789 Aegyptiis

216 1805 385 1874 desumptam
413 1819 470 1855 esse
503 1801 548 1872 [ll,
577 1801 621 1866 81,
652 1801 724 1871 123].

217 1888 287 1941 llaec
306 1904 387 1958 pauca
407 1904 472 1940 sero
486 1886 609 1940 videntur
621 1885 725 1956 longio-

216 1973 287 2025 ribus
314 1971 541 2026 dissertationibus
573 1970 725 2023 Htenott'n

215 2056 382 2128 (Philosoph.)
388 2055 556 2109 occasionem
567 2054 725 2125 praebuisse,

216 2142 309 2195 endem
329 2141 383 2194 sere
401 2141 505 2194 ratione
517 2157 568 2211 qua
581 2139 668 2192 brevis
681 2139 725 2192 illa

218 2227 231 2296 5
249 2225 332 2293 16-17
348 2225 420 2279 Orat.
431 2225 491 2278 adv.
503 2224 592 2278 Graec.
603 2223 725 2277 Tartaru

217 2312 244 2364 in
264 2310 411 2363 Irristbnam
429 2309 630 2380 philosophorum
654 2307 725 2360 Hen-

217 2409 284 2446 snxe
312 2393 425 2446 transiit.
480 2393 507 2446 Si
536 2392 621 2446 fontes
656 2391 726 2444 unde

218 2477 285 2530 Iren.
305 2477 370 2529 haec
385 2476 472 2529 hausit
486 2477 616 2546 exquiras,
629 2475 722 2528 eadem

218 2562 271 2615 fere
287 2563 389 2614 ratione
404 2561 572 2614 ethnicorum
587 2561 725 2614 doctrinae

218 2646 362 2699 atleruntur
381 2645 491 2715 (absque
509 2657 601 2698 tamen
620 2645 673 2697 ulla
686 2661 726 2697 re-

219 2731 318 2783 latione
349 2745 410 2781 cum
440 2729 625 2799 gnosticismo)
658 2727 726 2797 apud

221 2813 320 2866 Cohorl.
340 2811 373 2864 ad
393 2811 483 2864 Graec.
500 2827 560 2880 2-7,
572 2824 599 2864 et
612 2811 651 2864 De
666 2809 724 2862 Mo-

220 2897 305 2949 nam-h.
318 2910 345 2962 15
359 2895 605 2966 seq.,quaelusr1x.
617 2895 727 2948 nomine

219 2981 370 3044 efferuntur,
381 2992 406 3033 et
418 2980 486 3051 apud
496 2979 643 3050 praelatum
656 2979 727 3031 Hen-

219 3081 285 3119 snxa
310 3082 375 3134 opus
400 3065 460 3134 (§3
487 3065 604 3130 deinc.);
623 3076 728 3117 tantum

220 3167 324 3202 summa
338 3149 499 3202 lineamenta
512 3149 638 3219 praebent
651 3146 727 3218 Apol.

221 3234 323 3286 lesrtx.
342 3237 390 3300 (54
409 3236 460 3303 sq.)
480 3249 522 3302 op.
542 3233 585 3285 cit.
609 3231 728 3298 Tatiani,

223 3321 369 3370 terniano,
394 3317 456 3388 teg.
481 3332 507 3382 4,
526 3316 652 3370 Turoni.
675 3315 730 3369 Au-

122 3455 124 3462 ,
222 3402 262 3455 tol.
292 3401 324 3464 ΙΙ,
347 3416 370 3469 3,
399 3415 421 3468 5,
444 3417 483 3466 10,
509 3418 621 3472 quorum
640 3412 730 3454 tamen

223 3487 289 3539 alter
313 3487 392 3556 longe
419 3486 553 3538 diversum
579 3483 650 3538 sovet
675 3485 732 3537 ani-

223 3587 297 3623 mum
309 3587 338 3623 ac
347 3569 453 3634 Noster,
463 3570 504 3623 cui
515 3582 631 3623 econtra
643 3569 732 3622 Theo-

223 3656 310 3726 philus
329 3672 383 3708 non
395 3655 480 3707 solum
491 3654 651 3708 sententiam
666 3653 732 3706 iudi·

223 3741 255 3792 cii
268 3739 313 3792 sed
323 3751 349 3792 et
361 3739 609 3808 verbasuggessisse
620 3737 732 3791 videtur.

224 3824 291 3891 (Cir.
312 3841 337 3878 v.
356 3841 382 3894 g.
402 3823 416 3892 3
436 3823 487 3892 7-8
506 3840 567 3875 cum
592 3821 677 3874 Arctoi.
700 3822 733 3886 ΙΙ,

227 3923 289 3961 12-r
299 3909 335 3975 3).
370 3907 421 3960 Sed
434 3920 537 3978 praeter
550 3908 615 3960 haec
626 3907 658 3960 lr.
672 3923 733 3959 usus

225 4005 263 4045 est
275 3991 458 4062 sontibusipsis
469 3991 616 4045 Gentilium
624 3992 734 4062 scripto-

225 4094 293 4140 rum,
312 4089 339 4128 ut
356 4075 545 4147 Doxographis,
558 4075 662 4147 scriptis
672 4076 735 4129 Sut-

225 4175 304 4214 turen
315 4174 340 4215 et
352 4161 533 4214 Anrsroretrs
543 4162 588 4232 qui
598 4179 623 4214 v.
633 4179 658 4231 g.
673 4161 734 4213 Met.

228 4245 245 4308 Ι,
263 4259 336 4318 3-14Ι
348 4247 498 4317 catalogum
519 4247 613 4299 harum
632 4247 735 4317 opinio-

774 1227 839 1265 num
863 1210 942 1264 texit:
960 1227 1015 1263 non
1034 1221 1134 1272 tamen,
1153 1221 1180 1262 ut
1202 1207 1280 1279 pluri·

776 1314 860 1354 mum.
895 1296 1017 1365 operibus
1051 1294 1113 1365 ipsis
1144 1305 1281 1346 auctorum

775 1398 840 1453 quos
854 1380 938 1434 affert.
976 1379 1053 1444 Quae
1071 1395 1104 1433 ex
1117 1378 1157 1432 his
1168 1377 1282 1430 lontibus

777 1466 883 1537 propius
910 1465 1019 1519 indicari
1038 1475 1179 1536 potuerunt
1199 1461 1282 1516 textui

777 1549 960 1603 subneximus:
971 1549 1127 1620 ampliorem
1141 1546 1283 1617 investiga·

777 1635 889 1698 tionem,
912 1635 944 1686 ad
970 1634 1072 1705 regulas
1096 1632 1198 1686 critices
1226 1643 1282 1684 tum

778 1731 904 1772 externae
928 1735 1009 1788 quum
1034 1718 1154 1771 internae
1178 1716 1284 1786 cupien-

779 1803 858 1866 tibus,
877 1803 989 1856 libenter
1005 1803 1139 1855 innuimus
1152 1799 1285 1854 Gonrenz

781 1886 880 1941 Griech.
915 1886 996 1940 Drnk.
1028 1886 1111 1957 1898;
1140 1887 1183 1939 vel
1210 1884 1284 1948 DOES,

780 1970 914 2024 Evoluh'ott
932 1970 961 2022 de
985 1970 1008 2023 Ια
1034 1970 1151 2041 theologie
1173 1970 1236 2021 duas
1260 1967 1284 2020 la

777 2053 838 2126 phil.
857 2071 961 2125 prrcqrte
975 2053 1076 2126 jrtsqu'd
1093 2053 1193 2106 Socrate
1212 2051 1284 2119 (Rev.

778 2139 834 2192 bist.
849 2139 893 2192 litt.
910 2139 980 2208 relig.
1004 2137 1079 2208 1906,
1097 2143 1173 2206 1-3);
1188 2137 1286 2198 Caino,

784 2221 833 2275 lire
851 2223 975 2275 revolution
998 2223 1030 2292 os
1053 2221 1174 2292 Theolngy
1198 2224 1224 2273 in
1249 2220 1286 2273 the

781 2307 857 2378 greci·
876 2307 1048 2378 Philosophus
1060 2307 1196 2375 (Londini,
1213 2321 1287 2377 1904,

782 2392 890 2458 avon).
929 2391 1012 2445 Porro
1028 2391 1098 2462 quod
1115 2403 1215 2462 spectat
1231 2407 1287 2444 rem

780 2476 890 2530 Irenaeo
902 2476 1089 2547 praepositam,
1100 2475 1235 2529 fatendum
1248 2485 1287 2528 est

781 2561 977 2631 antiquissimas
1002 2561 1124 2630 orphitas
1149 2575 1288 2630 cosmogo-

781 2646 838 2698 nias
858 2645 884 2697 in
900 2645 1051 2715 vulgaribus
1070 2645 1222 2715 ophitarum
1238 2655 1288 2697 etc.

781 2728 874 2782 fabulis
894 2729 946 2781 late
968 2729 1120 2799 superstites
1139 2745 1204 2792 esse,
1223 2728 1288 2780 sicut

781 2813 865 2865 multa
884 2813 1015 2883 expolitus
1034 2812 1169 2866 Valentini
1189 2811 1288 2882 gnosti-

781 2897 879 2950 cismus
892 2897 998 2950 scholae
1010 2897 1159 2968 platonicae
1172 2897 1257 2949 debet.

818 2982 861 3050 (2)
875 2979 948 3034 Vixit
961 2981 1003 3034 hic
1016 2982 1176 3048 ’Δντιφάνης
1189 2983 1292 3050 Στεφά-.

781 3083 828 3118 νου
848 3065 993 3132 Ἀθηναῖος
1016 3069 1086 3122 circ..
1102 3082 1125 3118 a.
1153 3065 1287 3132 388-311:

783 3151 933 3203 comoedias
957 3151 1025 3204 ultra
1051 3166 1103 3218 250
1127 3150 1228 3220 scripsit
1254 3149 1290 3202 ita

784 3247 812 3288 ut
832 3233 1050 3288 foecundissimus
1068 3234 1189 3288 omnium
1209 3233 1290 3287 comi·

785 3336 877 3373 corum
905 3337 935 3372 ac
961 3320 1039 3372 simul
1058 3319 1142 3390 gratia
1162 3319 1292 3372 sermonis

785 3411 887 3472 χαριεῐς
906 3421 936 3457 ac
952 3407 1042 3471 ὁήδὺς
1053 3404 1163 3460 audiret.
1200 3403 1237 3456 Ex
1251 3403 1292 3456 his

784 3500 889 3541 tantum
908 3502 958 3558 119
969 3488 1038 3540 tituli
1049 3505 1079 3540 ac
1091 3488 1217 3540 nonnulla
1229 3503 1291 3539 ano·

785 3589 868 3643 nyma
879 3571 1028 3642 fragmenta
1036 3572 1189 3625 Athenaeus
1198 3583 1224 3624 et
1234 3571 1293 3624 Sto-

786 3656 866 3709 baeus
881 3669 1019 3709 servarunt
1034 3674 1101 3727 quae
1120 3656 1188 3726 apud
1201 3656 1292 3720 h'ocn,

787 3741 820 3806 ll,
831 3757 878 3806 xu,
891 3741 943 3810 legi
954 3755 1071 3812 possunt.
1107 3741 1186 3795 Nulla
1202 3754 1292 3794 tamen

791 3825 931 3896 llaeegont'a
955 3826 983 3879 in
1010 3826 1050 3878 his
1075 3824 1182 3879 affertur
1199 3825 1292 3890 titulis,

786 3910 832 3963 sed
860 3909 904 3979 qui
934 3909 1041 3979 propius
1072 3911 1172 3963 accedit
1197 3911 1294 3980 'Appo-

789 3993 862 4062 δίτης
886 3993 965 4061 γοναί
987 3995 1095 4064 legitur3
1119 3994 1180 4047 hinc
1204 4006 1243 4047 est
1267 4004 1295 4046 ut

789 4095 856 4148 quae
866 4089 971 4131 enarrat
982 4077 1050 4130 Iren.
1064 4077 1133 4130 unici
1148 4077 1227 4130 sontis
1241 4077 1295 4129 vim

790 4163 914 4216 habeant.
943 4161 1009 4229 (Cir.
1023 4162 1296 4226 hlerxexr,Hist.crit.

790 4244 835 4310 ΙΙΙ,
852 4261 863 4315 3
876 4263 882 4310 3
895 4246 937 4298 vel
947 4244 1214 4305 Priuer-Wissowx,
1226 4244 1297 4296 Reul·
