3238 5090
235 463 457 536 (tlv-Lvl,1).]
630 468 720 516 arnan
744 469 908 515 secunous
1237 453 1301 536 469

233 663 364 729 minisse
387 683 438 728 eas
462 683 593 749 operum
616 684 696 750 quae
715 680 846 750 egerunt
869 661 930 744 hic,
947 679 977 729 et
992 687 1009 730 a
1024 661 1137 751 quibus
1160 687 1302 732 cessave-

233 785 316 849 runt,
335 769 367 835 in
386 791 422 835 ea
445 768 595 836 relatione
618 793 697 858 quae
720 769 864 836 scribitur
887 769 926 837 de
950 769 1046 837 divite
1070 787 1100 836 et
1125 769 1165 838 de
1184 771 1301 838 Lazaro

233 899 282 958 eo,
301 877 353 964 qui
379 871 580 962 refrigerabat
598 876 631 941 in
650 876 719 941 sinu
738 873 897 942 Abrahae:
909 876 943 929 (ι)
962 876 994 942 in
1018 899 1078 965 qua
1102 878 1144 944 ait
1170 876 1300 965 diuitem

234 1005 424 1072 cognoscere
448 983 602 1050 Lazarum
625 999 696 1072 post
720 999 869 1064 mortem,
893 999 922 1050 et
945 981 1111 1050 Abraham
1130 997 1235 1052 autem
1259 987 1301 1052 si-

234 1090 360 1170 militer,
383 1105 413 1157 et
438 1112 564 1156 manere
587 1091 621 1156 in
644 1113 702 1157 suo
725 1089 835 1157 ordine
858 1113 1117 1180 unumquemque
1146 1094 1300 1181 ipsorum,

232 1213 264 1263 et
286 1197 444 1286 postulare
468 1197 550 1262 mitti
578 1197 606 1262 ei
632 1195 670 1263 ad
694 1220 789 1285 opem
819 1196 978 1265 ferendam
1002 1199 1166 1282 Lazarum,
1187 1201 1238 1268 cui
1260 1224 1300 1270 ne

232 1303 361 1392 quidem
376 1301 414 1370 de
429 1325 557 1369 mensae
574 1325 647 1368 suae
664 1303 755 1371 micis
771 1301 1041 1372 communicabat:
1057 1322 1089 1372 et
1103 1305 1142 1374 de
1157 1303 1300 1374 Abrahae

233 1432 396 1498 responso,
416 1411 550 1497 quinon
569 1424 691 1476 tantum
707 1433 742 1476 ea
758 1433 837 1498 quae
856 1409 1030 1477 secundum
1047 1434 1091 1493 se,
1106 1410 1160 1478 sed
1176 1427 1207 1479 et
1219 1435 1299 1501 quae

232 1515 406 1584 secundum
437 1515 568 1584 divitem
601 1532 715 1599 essent,
738 1514 869 1598 sciebat;
900 1533 931 1583 et
961 1515 1167 1606 praecipiebat
1190 1519 1300 1606 Moysi
1376 1525 1381 1536 ’

232 1624 380 1691 assentire
406 1641 436 1690 et
459 1622 618 1712 prophetis
641 1646 708 1704 eos,
731 1625 785 1711 qui
817 1647 883 1690 non
915 1623 1043 1692 mallent
1076 1627 1239 1713 pervenire
1267 1628 1299 1693 in

232 1731 322 1798 illum
351 1731 459 1797 locum
490 1753 619 1818 poenae,
646 1747 677 1797 et
704 1731 887 1819 recipientes
918 1733 1121 1819 praeconium
1151 1734 1219 1800 eius
1245 1735 1299 1822 qui

232 1838 433 1904 resurrexerit
456 1860 473 1903 a
500 1838 644 1903 mortuis.
652 1836 686 1892 (²)
730 1838 790 1903 Per
820 1837 897 1904 haec
927 1839 1013 1904 enim
1045 1837 1298 1906 manifestissime

231 1943 419 2012 declaratum
449 1960 506 2026 est,
530 1960 561 2012 et
583 1966 780 2032 perseverare
808 1946 939 2027 animas,
962 1961 994 2012 et
1016 1943 1143 2013 nonde
1167 1968 1299 2034 corpore

231 2053 264 2118 in
290 2073 404 2140 corpus
431 2051 574 2131 transire,
602 2066 632 2118 et
659 2049 772 2118 habere
800 2051 941 2118 hominis
966 2051 1113 2140 figuram,
1141 2069 1176 2120 ut
1201 2055 1297 2121 etiam

231 2173 471 2247 cognoscantur,
488 2173 520 2225 et
538 2158 741 2225 meminerint
764 2180 877 2225 eorum
899 2181 979 2246 quae
1003 2160 1064 2226 sint
1088 2159 1156 2240 hic;
1176 2175 1207 2226 et
1226 2183 1299 2248 pro-

231 2266 390 2355 pheticum
414 2288 539 2353 quoque
563 2264 670 2332 adesse
693 2264 892 2348 Abrahae‚(³)
920 2283 951 2334 et
973 2266 1103 2356 dignam
1134 2266 1299 2334 habitatio-

230 2396 304 2440 nem
321 2395 574 2461 unamquamque
597 2388 723 2460 gentem
749 2373 915 2461 percipere,
939 2375 1033 2440 etiam
1050 2390 1121 2440 ante
1136 2371 1297 2440 iudicium.

300 2500 328 2546 2.
349 2479 452 2570 [WH.
468 2478 557 2560 LVI,
580 2478 622 2570 r].
670 2479 848 2560 Quouooo
861 2501 995 2560 surtran,
1008 2502 1104 2554 Quutr
1115 2501 1185 2547 smr
1198 2501 1299 2548 orue-

232 2608 590 2671 narrans,1ur=u·runun
608 2573 890 2654 mcoanunrrnues
909 2608 1141 2655 perseverant.
1189 2589 1222 2656 Si
1244 2591 1297 2678 qui

231 2711 335 2762 autem
354 2695 415 2762 hoc
431 2696 463 2761 in
480 2695 551 2761 loco
570 2694 685 2775 dicant,
700 2717 765 2760 non
781 2716 874 2783 posse
889 2695 1009 2761 animas
1028 2717 1091 2776 eas,
1106 2717 1185 2782 quae
1205 2695 1297 2784 paulo

231 2818 301 2869 ante
324 2825 392 2869 esse
416 2802 585 2890 coeperint,
608 2803 640 2867 in
665 2801 800 2868 multum
832 2803 984 2890 temporis
1011 2823 1219 2890 perseverare,
1243 2802 1297 2870 sed

231 2925 374 2996 oportere
397 2932 448 2976 eas
472 2925 524 2974 aut
547 2907 745 2974 innascibiles
768 2931 847 2990 esse,
870 2924 905 2974 ut
928 2909 989 2974 sint
1012 2909 1222 2988 immortales;
1246 2911 1298 2976 vel

155 3085 156 3090 ,
230 3018 256 3083 si
271 3018 482 3104 generationis
496 3018 620 3084 initium
638 3017 824 3104 acceperint,
836 3040 909 3083 cum
923 3018 991 3105 ipso
1007 3040 1139 3106 corpore
1156 3019 1252 3085 mori:
1264 3018 1299 3073 (⁴)

230 3121 360 3200 discant,
383 3125 534 3212 quoniam
567 3126 634 3190 sine
665 3124 755 3190 initio
779 3140 809 3192 et
833 3125 900 3190 sine
926 3123 999 3204 fine,
1023 3145 1096 3190 vere
1120 3141 1150 3190 et
1173 3147 1298 3213 semper

266 3370 307 3434 (r)
327 3365 394 3420 [υς.
414 3366 540 3437 ΧἯΛ9
560 3383 615 3437 sqq.
653 3367 739 3436 Argu·
827 3367 871 3434 (3)
888 3369 934 3418 acal
948 3368 979 3418 cb
991 3368 1156 3434 προφητικὸν
1169 3368 1297 3435 ὑπάρχειν

231 3451 360 3504 mentatio
387 3452 508 3523 gnostica
528 3462 581 3504 est:
609 3450 655 3504 csr.
675 3450 737 3506 Exc.
791 3457 838 3502 τοῦ
849 3449 1151 3520 ‘Appadptieetquod
1161 3449 1296 3503 Abraham

235 3535 323 3590 llaeod.
334 3553 378 3603 r4:
392 3555 468 3609 «quo
483 3537 605 3608 exemplo
620 3536 737 3589 animam
793 3534 821 3586 in
839 3551 869 3587 ea
889 3534 1041 3588 narratione
1056 3534 1185 3605 praedixit
1204 3551 1297 3588 verum

235 3639 314 3675 «esse
325 3640 479 3694 corpoream
493 3639 538 3693 per
552 3621 670 3675 membra
682 3638 739 3674 cor·
793 3635 862 3672 esse:
888 3635 985 3689 nempe
1015 3619 1124 3689 dignam
1155 3618 1296 3672 habitatio·

235 3704 738 3777 aporeacomprobatura,etTuarurt.
793 3719 855 3756 nem
873 3714 967 3756 etc.-
981 3703 1022 3756 De
1040 3704 1080 3756 his
1100 3702 1145 3756 cst.
1159 3703 1217 3756 libr.
1228 3703 1261 3755 V.
1345 3709 1346 3712 ’

231 3791 247 3843 l.
261 3807 283 3845 c.
296 3821 331 3830 -
342 3791 436 3845 Relatio
445 3808 507 3861 quoe
525 3789 644 3843 scribitur
653 3815 668 3836 =
682 3793 738 3857 διή-
828 3789 870 3855 (4)
888 3787 942 3841 Cfr.
952 3787 1025 3842 Iusr.
1036 3786 1126 3858 Trypb.
1140 3787 1296 3853 5;Tar1an'.

230 3893 307 3944 γησις
325 3883 460 3943 γραφεῖσα
477 3875 545 3942 περὶ,
558 3876 603 3928 scl.
619 3874 737 3927 narratio
794 3870 825 3925 C.
847 3871 936 3926 Graec.
960 3871 985 3925 6.
1028 3872 1123 3925 Stoicis
1144 3872 1297 3942 saepissime

230 3961 379 4031 Scripturae
392 3961 463 4014 de...
486 3959 558 4026 Quae
570 3959 689 4012 scribitur
698 3971 737 4012 ta·
791 3957 959 4026 opponebant
972 3955 1093 4027 Epicurei
1108 3957 1228 4010 occidere
1242 3957 1297 4010 ani-

230 4061 293 4098 nren
307 4063 360 4098 om.
374 4045 432 4098 cod.
446 4061 499 4116 syr.
791 4057 849 4095 mas
859 4060 919 4094 cum
933 4043 1085 4112 corporibus
1095 4043 1155 4113 quia
1166 4059 1227 4094 cum
1240 4059 1297 4095 cor·

266 4131 308 4198 (2)
318 4129 470 4201 recipimus]
482 4129 622 4199 apponitur
638 4129 670 4182 ad
680 4145 734 4181 eos:
791 4127 896 4195 poribus
906 4140 1057 4180 nascuntur.
1088 4125 1143 4179 Csr.
1155 4125 1296 4179 Laetatur.

231 4220 254 4265 el
272 4230 317 4268 seu
335 4219 382 4267 aul
401 4226 474 4266 verte
493 4230 593 4284 quoque.
790 4209 853 4264 Dio.
874 4209 935 4262 last,
955 4210 1001 4275 Ill,
1019 4209 1059 4262 18.

303 4425 358 4468 Bibl.
373 4425 440 4468 Santi.
455 4425 512 4468 Patr.
527 4426 582 4480 (Ser.
598 4425 629 4480 11)
643 4426 682 4467 111.
