3288 5060
212 491 433 564 lxxi-xxssm
634 493 724 541 moen
747 493 862 541 PRIMUS
1216 476 1279 557 269

208 688 286 755 dum
310 711 327 754 a
350 687 421 754 Deo
445 685 577 755 lactum:
602 710 638 753 ea
665 704 769 754 autem
793 710 873 776 quae
896 703 969 752 sunt
992 709 1065 775 erga
1088 687 1279 765 Dominum,

208 799 302 876 (non)
319 793 463 860 similiter
477 809 512 858 ut
526 792 695 860 Cerinthus
712 809 742 859 et
758 792 965 881 Carpocrates
977 793 1154 880 opinantur.
1202 791 1278 858 Solo

209 916 314 966 autem
331 923 370 966 eo
385 899 470 988 quod
486 916 533 965 est
552 898 725 966 secundum
741 898 937 966 Matthaeum
947 898 981 952 (¹)
1000 899 1171 986 Evangelio
1186 914 1280 965 utun-

210 1023 270 1085 tur,
295 1023 325 1072 et
348 1006 527 1094 apostolum
559 1006 692 1073 Paulum
724 1023 877 1084 recusant,
901 1022 1073 1092 apostatam
1091 1027 1165 1072 eum
1186 1005 1279 1091 Legis

209 1113 360 1180 dicentes.
372 1114 406 1167 (²)
450 1114 543 1195 Quae
566 1129 672 1180 autem
696 1129 769 1204 sunt
791 1111 981 1201 prophetica,
1005 1111 1160 1178 curiosius
1184 1134 1280 1199 expo-

211 1241 283 1285 nere
307 1221 465 1298 nitunturss
485 1235 515 1285 et
539 1218 806 1285 circumciduntur
824 1241 858 1284 ac
876 1234 1074 1305 perseverant
1090 1218 1122 1282 in
1137 1216 1186 1282 his
1203 1239 1279 1282 con-

210 1324 436 1406 suetudinibus,
459 1347 539 1414 quae
562 1342 635 1391 sunt
655 1323 828 1390 secundum
851 1325 982 1411 Legem,
1006 1339 1036 1389 et
1058 1321 1185 1389 Iudaico
1206 1322 1279 1390 clia-

210 1448 327 1498 ractere
349 1433 442 1513 vitae,
466 1432 511 1497 uti
543 1447 573 1496 et
600 1430 858 1517 Hierosolymam
886 1430 1026 1511 adorent,
1049 1431 1138 1516 quasi
1162 1427 1278 1495 domus

210 1539 247 1604 sit
271 1539 341 1604 Dei.
356 1539 389 1592 (³)

278 1666 307 1732 3.
333 1643 438 1734 [WH.
457 1641 603 1734 XXIII].
655 1644 755 1725 Qum
778 1663 860 1709 suun
883 1643 1138 1710 Nicomrmnuu
1163 1662 1276 1710 oeten.

209 1753 381 1818 Nicolaitae
392 1768 497 1818 autem
513 1752 699 1838 magistrum
712 1750 840 1838 quidem
855 1748 969 1816 habent
982 1748 1162 1829 Nicolaum,
1177 1771 1276 1814 unum

209 1881 246 1923 ex
270 1877 313 1924 itt
335 1857 388 1945 qui
405 1859 498 1945 primi
515 1856 552 1923 ad
571 1855 752 1923 diaconium
768 1854 807 1922 ab
826 1856 976 1943 apostolis
996 1854 1130 1921 ordinati
1147 1871 1232 1921 sunt:
1245 1855 1278 1908 (4)

208 1966 259 2053 qui
276 1964 442 2031 indiscrete
457 1965 578 2029 vivunt.
626 1963 812 2029 Plenissime
828 1980 933 2028 nutem
953 1985 1008 2050 per
1027 1960 1175 2027 iohannis
1190 1963 1278 2050 Apo-

209 2073 348 2161 calypsin
379 2069 618 2138 manifestantur
647 2072 700 2159 qui
728 2072 801 2150 sint,
825 2070 945 2136 nullam
975 2068 1184 2136 differentiam
1208 2091 1276 2135 esse

208 2179 355 2246 docentes
374 2179 407 2244 in
430 2176 638 2258 moechando,
654 2194 684 2243 et
701 2175 902 2264 idolothyton
925 2171 1027 2242 edere.
1074 2176 1276 2262 Quapropter

209 2283 284 2351 dixit
307 2303 337 2351 et
364 2283 402 2350 de
422 2284 470 2350 liis
487 2307 610 2350 sermo:
642 2283 733 2351 «Sed
756 2283 818 2349 hoc
837 2282 931 2349 habes
954 2282 1038 2372 quod
1063 2281 1157 2348 odisti
1182 2302 1275 2369 opera

211 2421 226 2456 n
244 2391 483 2474 Nicolaitarum,
507 2415 585 2480 quae
608 2408 640 2457 et
662 2414 722 2479 ego
746 2388 799 2456 odi
814 2389 888 2455 >›.(⁵l

208 2586 287 2654 Θεοῦ
310 2588 481 2672 γεγονέναι·
505 2590 543 2651 τὰ
565 2587 598 2652 δὲ
621 2589 688 2670 περὶ
710 2589 760 2650 τὸν
783 2587 915 2672 Χριστὸν
938 2585 1046 2670 ὁμοίως
1068 2592 1111 2668 τῷ
1130 2583 1275 2668 Κηρίνθῳ

104 2745 110 2752 .
207 2695 259 2757 καὶ
278 2693 492 2780 ΚαρποκρΙιτει
511 2693 702 2776 μυθεΰουσιν.

208 2868 281 2922 doles
303 2869 373 2922 vitae
396 2870 456 2922 illos
475 2887 507 2923 ex
526 2869 648 2922 Essaenis
666 2886 714 2921 na·
804 2869 846 2934 (2)
876 2869 1046 2935 ’Δποστάτην
1076 2869 1275 2930 ἀποκαλοῦντες

210 2953 301 3006 ziraeis
316 2967 460 3025 prognatos
479 2953 610 3018 ostendit;
628 2953 714 3024 Hege-
768 2957 848 3006 αὐτὸν
867 2954 913 3005 τοῦ
932 2956 1013 3019 νόμου
1032 2952 1141 3015 (Euseu.
1155 2951 1200 3014 lll,
1221 2955 1274 3019 27).

210 3037 298 3107 sippns
326 3037 402 3091 docet
426 3041 480 3108 (ap.
508 3037 572 3091 Eus.
601 3037 647 3100 IV,
669 3040 714 3106 32)
768 3036 822 3090 Cfr.
842 3047 867 3089 et
887 3036 970 3090 Orno.
992 3034 1021 3090 C.
1043 3035 1106 3088 Cels.
1127 3036 1147 3100 l,
1167 3036 1208 3102 65.

209 3119 351 3176 Thebutim
366 3123 517 3193 quemdam,
526 3134 586 3193 post
598 3135 714 3176 mortem
804 3122 846 3188 (3)
865 3120 967 3173 Similia
980 3120 1030 3172 illis
1043 3120 1133 3173 obiicit
1146 3130 1181 3190 ep.
1197 3119 1274 3172 Burn.

210 3205 714 3276 s.lacobi‚horumparentemexstitisse
768 3203 840 3273 516.
878 3204 924 3258 Csr
951 3204 1068 3256 maxime
1084 3204 1186 3256 lustru.
1203 3203 1274 3255 Diei.

208 3289 567 3361 atquehancfuisseprimam
577 3289 714 3343 christiani
768 3307 788 3342 c.
812 3289 903 3360 Tryplr.
915 3305 957 3357 47.
995 3289 1063 3342 Vide
1074 3289 1155 3342 etiam
1166 3305 1187 3341 c.
1200 3287 1233 3350 V,
1252 3303 1275 3356 3,

209 3373 440 3428 nominissectam.
470 3375 713 3428 ludaizantescerto
767 3373 894 3444 Sophiam
914 3375 964 3426 hoc
983 3373 1093 3426 nomine
1112 3373 1248 3425 donatam.

207 3469 282 3510 sunt:
301 3475 393 3511 eorum
414 3458 493 3528 igitur
511 3459 607 3529 scripta
622 3459 713 3511 omnia
803 3461 845 3526 (4)
865 3457 921 3510 Act.
941 3457 978 3509 Vl
1000 3473 1028 3524 53
1053 3457 1128 3510 llu’e.
1147 3457 1205 3522 Vll,
1228 3455 1274 3525 36:

207 3553 267 3594 sunt
289 3559 355 3613 quae
379 3542 477 3614 Legem
503 3554 529 3596 et
553 3543 712 3595 ludaismum
767 3545 901 3606 Νικόλαος
921 3547 958 3606 εῐς
976 3550 1029 3596 τῶν
1048 3546 1115 3595 ἑπτὰ
1134 3547 1172 3606 εἰς
1185 3546 1275 3594 διακο-

207 3627 345 3691 extollunt,
365 3629 625 3698 pseudoclementina
639 3644 713 3698 prae·
767 3631 824 3680 νῑαν
837 3630 887 3680 ὑπὸ
900 3633 952 3679 τῶν
971 3628 1128 3680 ἀποστόλων
1140 3643 1273 3680 aereoru-

207 3711 306 3764 sertim.
768 3709 870 3774 este...
886 3714 1027 3764 ἐδίδασκεν
1038 3715 1196 3782 ἀδιαφορίαν
1210 3711 1275 3777 βίου.

243 3796 285 3861 (1)
305 3795 382 3866 Apud
398 3795 494 3850 Euseu.
514 3811 578 3849 vero
593 3801 630 3863 τῷ
645 3796 713 3848 καθ’
767 3793 821 3848 cfr.
840 3807 866 3848 et
886 3795 1039 3860 Ir.IIl,x1,
1059 3811 1079 3849 1.

207 3877 356 3950 Ἐβραὶουςι
376 3880 437 3932 hinc
456 3880 565 3934 celebris
577 3880 620 3932 illa
634 3896 713 3950 quae·
803 3879 846 3946 (ς)
866 3879 944 3949 Apoc.
960 3880 993 3944 II,
1005 3879 1030 3944 6,
1043 3883 1098 3947 (15,
1113 3883 1172 3944 20);
1188 3879 1272 3932 Hmn:

206 3963 257 4016 stio
276 3964 308 4016 de
326 3963 472 4036 Evangelio
496 3964 641 4018 secundum
661 3963 713 4016 He·
768 3969 811 4017 διὰ
821 3971 869 4030 τῆς
879 3964 1092 4031 ’Δποκαλὺψιως
1102 3966 1206 4032 ῆλεγχε
1216 3981 1275 4034 nop-

205 4047 311 4101 braeos:
332 4066 411 4120 quam
430 4047 477 4102 cfr.
493 4049 560 4118 apud
574 4049 659 4102 Zmin.
677 4049 713 4103 D.
767 4047 1274 4112 νεύονταςκαίεἰδωλόθυταέσθὶοντας.

209 4131 461 4204 Ebrcierernngelium
481 4133 581 4202 (Gesrli.
601 4133 625 4188 d.
651 4133 712 4186 NT.
767 4133 896 4186 Cerrinus
912 4132 1027 4200 (Serum,
1043 4133 1076 4198 ΙΙ,
1093 4137 1152 4200 20):
1172 4129 1274 4184 «Tales

208 4215 318 4281 Ktenous,
338 4217 383 4282 112,
402 4216 475 4282 624).
771 4218 875 4270 «etiam
894 4229 953 4269 sunt
973 4217 1017 4288 qui
1037 4218 1127 4270 dicunt
1151 4233 1179 4269 se
1201 4215 1275 4286 sequi
