3274 5100
221 475 487 546 (X111,2-x1V,2).]
617 478 706 524 trusit
730 477 893 523 secuunus
1224 476 1286 542 347

222 674 279 738 erit
294 673 419 760 Logos;
439 689 469 738 et
485 669 537 738 ubi
554 672 672 760 Logos,
686 693 752 738 non
768 673 875 760 utique
891 687 938 737 est
954 671 1036 760 Sige.
1050 670 1083 724 (¹)
1128 671 1161 738 Si
1182 687 1286 737 autem

220 778 464 845 endiathetonl²l
487 779 599 867 Logon
623 777 767 859 dixerint,
790 776 983 845 endiathetos
1008 779 1065 844 erit
1088 795 1118 844 et
1142 777 1232 866 Sige;
1257 794 1286 844 et

220 886 427 951 nihilominus
446 886 584 951 solvetur
600 883 638 950 ab
654 883 832 951 endiatheto
852 883 952 973 Log0.
1001 885 1165 966 Quoniam
1180 901 1286 950 autem

220 1015 283 1058 non
307 1009 353 1058 est
377 991 582 1072 endiathetos,
599 993 664 1079 ipsa
680 991 755 1058 haec
772 991 928 1058 ordinatio
948 991 1090 1079 ipsorum
1105 991 1286 1056 emissionis

220 1095 429 1186 significant)

288 1206 316 1269 6.
342 1203 407 1270 lam
432 1203 526 1289 igitur
549 1225 615 1270 non
638 1201 741 1270 dicant
758 1204 892 1290 primam
912 1219 943 1269 et
958 1203 1161 1290 principalem
1172 1201 1205 1254 (⁴)
1228 1223 1284 1288 og·

219 1309 352 1376 doadem
381 1333 418 1376 ex
445 1310 537 1396 Logo
567 1327 597 1376 et
627 1309 699 1397 Sige
734 1326 895 1390 constare;
931 1309 984 1376 sed
1012 1327 1065 1376 aut
1093 1310 1199 1398 Sigen,
1232 1324 1284 1374 aut

219 1417 332 1504 Logon
355 1415 503 1482 refutent:
528 1434 557 1482 et
581 1416 683 1483 soluta
706 1432 753 1482 est
776 1417 904 1482 illorum
928 1419 1030 1504 prima
1053 1433 1083 1483 et
1107 1404 1283 1506 principalis

218 1521 347 1610 ogdoas.
394 1523 426 1590 Si
450 1524 535 1589 enim
559 1524 661 1588 unitas
684 1524 923 1610 coniugationes
941 1522 1086 1602 dixerint,
1111 1523 1211 1589 soluta
1236 1538 1283 1590 est

217 1652 328 1697 eorum
352 1631 496 1696 universa
520 1632 759 1718 argumentatio.
800 1632 978 1713 Quomodo
1001 1633 1087 1697 enim
1107 1632 1203 1697 unitis
1226 1631 1283 1709 εἰς,

217 1736 343 1822 Sophia,
357 1737 423 1802 sine
447 1738 580 1824 coniuge
604 1735 706 1802 labem
729 1739 912 1824 generavit?
959 1739 991 1806 Si
1010 1755 1128 1819 autem,
1147 1739 1227 1804 sicut
1250 1738 1283 1802 in

216 1846 397 1926 emissione,
409 1868 667 1933 unumquemque
679 1867 716 1910 ex
727 1844 889 1912 Aeonibus
905 1847 1063 1934 propriam
1077 1845 1281 1912 substantiam

217 1949 329 2016 habere
351 1949 465 2033 dicent,
484 1949 754 2038 quemadmodum
770 1953 802 2018 in
819 1952 931 2020 eodem
951 1952 1073 2020 ostendi
1090 1969 1192 2040 potest
1209 1953 1282 2040 Sige

216 2073 245 2122 et
269 2055 394 2144 Logos?
439 2058 478 2124 Et
503 2056 577 2123 haec
600 2057 727 2147 quidem
752 2058 925 2126 secundum
950 2058 1204 2126 diminutionem.

219 2249 221 2254 Ι
283 2184 314 2250 7.
339 2164 442 2255 [WH.
459 2165 552 2244 XIV,
576 2163 621 2255 2].
668 2165 847 2233 Secundum
871 2167 1024 2235 autemid
1040 2167 1123 2257 quod
1141 2167 1209 2256 plus
1224 2184 1281 2247 est,

215 2294 323 2337 rursus
346 2273 480 2339 solvitur
510 2276 678 2340 triacontas
701 2275 843 2361 ipsorum
868 2276 922 2341 sic.
969 2276 1130 2342 Emissum
1155 2276 1239 2340 enim
1264 2297 1281 2339 a
1330 2291 1333 2298 ’

252 2438 293 2506 (1)
304 2439 381 2491 Θὺσω
390 2443 436 2490 καί
445 2440 723 2506 σιγὴν,ῶςτοπάροιθε
777 2439 838 2492 dere
857 2440 931 2492 illum
951 2441 1084 2493 internum
1098 2456 1154 2492 esse
1174 2455 1203 2492 ac
1222 2455 1282 2509 pro-

215 2523 308 2588 λόγοςε
322 2521 451 2575 Nazrauz.
466 2521 553 2575 Curru.
568 2537 597 2575 ra
608 2521 641 2574 ad
650 2524 721 2593 episc.
777 2536 864 2594 pterea
877 2541 936 2578 cum
952 2523 1013 2595 Sige
1026 2541 1070 2577 seu
1087 2523 1192 2577 silentio
1205 2539 1281 2575 coex-

250 2607 292 2674 (2)
311 2605 489 2658 Celeberrima
514 2607 579 2658 haec
599 2623 650 2659 vox
670 2607 721 2677 pri·
775 2607 867 2660 sistere
886 2620 988 2678 posset:
1009 2608 1053 2678 qui
1076 2607 1149 2660 enim
1172 2606 1281 2659 verbum

214 2707 288 2742 mum
302 2691 344 2742 hic
358 2690 385 2742 in
399 2707 447 2743 usu
463 2691 598 2760 patristico
616 2691 720 2761 legitur.
776 2702 865 2744 mente
875 2691 981 2762 quidem
990 2692 1110 2761 concepit
1123 2707 1178 2742 non
1190 2701 1281 2742 tamen

216 2774 293 2844 Apud
314 2774 463 2827 Partoustt
490 2775 597 2845 quidem
625 2776 722 2846 pluries
775 2774 882 2846 profert,
911 2776 1000 2847 utique
1028 2776 1113 2828 adhuc
1141 2786 1210 2828 tacet
1235 2791 1281 2826 seu

213 2858 327 2910 occurrit
346 2871 483 2928 tamquam
502 2859 570 2912 ratio
589 2860 735 2930 adquam·

214 2941 374 3013 Demiurgus
393 2943 484 2995 mundi
504 2959 612 3013 operam
632 2943 721 2997 condit

214 3025 272 3092 (cfr.
286 3029 349 3090 Περὶ
367 3046 391 3080 τ.
411 3030 606 3094 auspicamus),
626 3027 721 3098 inquo

214 3127 291 3163 sensu
302 3111 398 3181 pluries
409 3111 574 3183 Apologetae
586 3111 618 3164 de
632 3111 721 3165 Verbo

214 3194 365 3265 loquuntur.
406 3195 528 3248 irenaeus
555 3195 642 3249 eidem
664 3213 721 3250 sae-

214 3279 271 3348 pius
292 3279 449 3350 prolatitium
469 3280 655 3349 (προφορικὸς)
674 3298 719 3334 seu

213 3364 341 3416 inamabile
370 3377 414 3417 aut
445 3366 582 3417 emissionis
610 3367 719 3418 verbum

213 3448 337 3516 opponit;
357 3460 384 3500 at
402 3449 446 3501 hic
464 3465 518 3501 non
538 3449 642 3502 videtur
669 3449 720 3502 nisi

213 3532 350 3602 vulgarem
366 3549 396 3585 ac
408 3533 625 3604 psychologicam
638 3533 719 3604 signi-

213 3613 364 3669 ficationem
380 3617 515 3688 utriusque
531 3618 671 3688 attingere,
686 3618 720 3670 de

212 3716 263 3769 qua
290 3701 427 3770 complura
455 3701 555 3771 optime
583 3719 639 3772 cap.
664 3719 717 3772 seq.

212 3785 315 3838 disserit
333 3786 526 3856 (theologicam
555 3799 644 3840 autem
664 3787 718 3840 vim

211 3885 266 3921 non
285 3869 390 3939 ignorat
409 3882 437 3922 ut
456 3882 529 3940 patet
544 3887 575 3922 ex
592 3887 648 3941 cap.
664 3887 718 3941 seq.

212 3952 225 4020 5
236 3953 274 4016 8).
303 3952 385 4022 Igitur
398 3953 570 4007 endiatheton
583 3954 665 4024 logon
676 3955 718 4007 hic

211 4037 285 4106 quasi
304 4037 332 4090 in
351 4050 440 4091 mente
467 4039 605 4092 conditum
625 4039 718 4109 accipit

211 4121 331 4184 verbum,
343 4138 398 4174 non
414 4121 499 4176 adhuc
518 4139 564 4175 ore
577 4124 718 4193 prolatum.

212 4204 719 4278 ltaenimGnosticipoterantpraeten-

775 2860 842 2913 silet.
887 2859 938 2912 Sed
963 2871 1039 2913 acute
1066 2859 1175 2913 Noster:
1200 2858 1280 2910 etiam

774 2943 835 3014 Sige
860 2944 963 2997 interna
988 2961 1045 2997 esse
1064 2956 1160 3015 potest,
1187 2960 1233 2996 seu
1253 2959 1280 2994 se

774 3026 870 3081 referre
891 3029 924 3081 ad
945 3028 1032 3098 ipsum
1051 3029 1161 3081 verbum
1183 3026 1281 3080 mentis

774 3111 890 3182 illudque
906 3129 1011 3182 prorsus
1028 3112 1175 3165 excludere.

809 3195 852 3266 (3)
871 3197 890 3248 l.
911 3213 932 3249 e.
953 3197 1123 3250 emissionem
1139 3197 1208 3250 hanc
1224 3214 1278 3250 non

773 3281 806 3332 ad
824 3283 892 3332 intra
911 3281 956 3334 sed
976 3297 1038 3334 vere
1057 3281 1089 3334 ad
1108 3293 1182 3334 extra
1203 3281 1278 3334 fateri

773 3377 901 3435 cogentur
925 3364 1047 3418 Gnostici
1071 3381 1103 3418 eo
1128 3365 1185 3436 ipso
1209 3366 1279 3437 quod

774 3450 886 3502 alterum
905 3449 938 3502 ab
957 3450 1040 3503 altero
1059 3450 1153 3503 Aeone
1174 3462 1202 3503 ut
1221 3467 1279 3520 per-

773 3549 867 3586 sonam
886 3551 901 3586 a
920 3551 1032 3604 persona
1051 3533 1224 3605 distinguant.

809 3619 851 3686 (4)
867 3618 989 3672 Utillime
1001 3619 1140 3672 adnotabis
1152 3621 1220 3672 hanc
1234 3637 1280 3670 vo-

774 3719 832 3756 cem
855 3703 899 3755 hic
922 3703 961 3756 bis
986 3701 1123 3757 suffectam
1143 3704 1169 3756 in
1192 3705 1280 3756 locum

773 3788 954 3858 praecedentis
972 3789 998 3857 (3
1015 3801 1025 3854 5
1042 3789 1112 3855 init.)
1133 3792 1280 3860 ἀρχίγονος

773 3875 803 3938 (=
816 3872 1019 3942 primordialis):
1034 3871 1079 3925 cfr.
1094 3889 1190 3937 rursus,
1204 3873 1223 3938 l,
1237 3887 1254 3936 1,
1268 3889 1277 3924 1

774 3954 1280 4027 mmmmwfflw

773 4057 867 4110 graece
885 4052 1071 4110 prostant3x1,
1084 4054 1093 4106 ς
1107 4045 1144 4110 (p.
1158 4041 1220 4107 164)
1230 4053 1279 4094 etc.

773 4155 807 4164 -
823 4123 945 4193 Resutent,
961 4128 1142 4192 παραπέμπειν
1161 4136 1190 4177 ut
1203 4124 1279 4178 initio

774 4207 860 4278 operis
879 4208 1011 4261 obiiciant.
