3238 5090
216 421 228 444 “
319 447 385 523 458
643 458 771 504 raanan
796 459 872 504 mv.
898 458 1054 505 araneas
1090 455 1201 526 [xxxa
1217 457 1395 526 3-xxxn2

319 669 437 734 rantur,
467 651 618 740 indigent,
642 651 824 739 saepissime
854 675 918 718 non
951 650 1155 732 habentes,a
1190 652 1283 718 nobis
1314 653 1396 718 acci-

320 760 424 846 piunt:
438 759 471 812 (¹)
493 781 567 825 vere
587 775 617 825 et
636 781 690 847 per
709 758 788 825 hanc
812 760 950 846 speciem
970 775 1144 846 arguuntur
1163 755 1300 824 adivina
1322 758 1396 824 sub·

321 866 442 946 stantia,
473 881 502 931 et
536 863 724 952 benignitate
756 864 826 944 Dei,
857 879 888 930 et
911 864 1027 930 virtute
1058 863 1193 952 Spiritali
1227 865 1260 930 in
1288 881 1394 931 totum

322 972 476 1051 extranei3
496 969 602 1037 fraude
617 987 723 1037 autem
735 971 891 1051 universa,
907 985 938 1036 et
953 968 1197 1058 adinspiratione
1213 971 1393 1058 apostatica,

324 1097 354 1144 et
377 1077 557 1166 operatione
574 1076 787 1158 daemoniaca,
811 1093 840 1143 et
865 1075 1103 1164 phanthasmate
1122 1075 1316 1144 idololatriae
1340 1099 1395 1163 per

323 1185 430 1250 omnia
449 1184 568 1272 repleti,
586 1204 804 1271 praecursores
819 1205 893 1250 veto
913 1199 984 1250 sunt
1003 1181 1149 1250 draconis
1169 1184 1247 1263 eius,
1266 1184 1320 1270 qui
1339 1206 1395 1270 per

324 1289 505 1357 huiusmodi
537 1290 731 1378 phantasiam
759 1289 924 1357 abscedere
955 1288 1045 1357 faciet
1076 1290 1107 1355 in
1141 1289 1238 1357 cauda
1269 1291 1394 1356 tertiam

324 1413 445 1485 partem
468 1395 638 1476 stellarum,
662 1415 693 1463 et
715 1395 837 1464 deliciet
860 1420 912 1463 eas
936 1398 969 1464 in
991 1396 1172 1462 terram:(²)
1194 1419 1275 1484 quos
1306 1398 1396 1462 simi-

324 1505 392 1569 liter
416 1519 508 1590 atque
529 1502 619 1568 illum
642 1501 779 1570 devitare
803 1518 937 1590 oportet,
957 1519 987 1568 et
1010 1518 1128 1590 quanto
1155 1504 1274 1569 maiore
1298 1502 1396 1590 phan-

325 1625 456 1677 tasmate
480 1609 601 1696 operari
623 1606 777 1689 dicuntur,
801 1623 888 1674 tanto
913 1609 1015 1697 magis
1034 1606 1202 1674 observare
1222 1631 1287 1690 eoS,
1306 1610 1396 1697 quasi

326 1715 481 1781 maiorem
492 1714 646 1801 nequitiae
658 1715 801 1801 spiritum
817 1714 1020 1802 perceperint.
1061 1715 1170 1796 Quam
1188 1714 1395 1803 prophetiam,

325 1821 352 1885 si
375 1818 587 1886 observaverit
609 1820 679 1908 quis
703 1841 813 1887 eorum
837 1817 984 1886 diurnam
1012 1821 1263 1886 conversationis
1286 1843 1397 1908 opera-

325 1928 490 2008 tionem,(³l
505 1927 642 1995 inveniet
661 1949 758 1993 unam
773 1943 803 1993 et
819 1926 966 1993 eamdem
984 1949 1053 1994 esse
1070 1929 1115 1994 eis
1131 1951 1206 1995 cum
1221 1927 1397 1996 daemoniis

327 2033 640 2118 (conversationem).
650 2033 684 2086 (⁴)
1241 2047 1248 2054 '

396 2209 475 2276 Cae.
487 2209 623 2276 XXXII.
659 2209 761 2300 [WH.
771 2209 927 2290 XLVIII,
939 2209 984 2300 4].
1024 2233 1050 2277 1.
1065 2211 1103 2280 Et
1114 2211 1190 2278 haec
1201 2229 1305 2280 autem
1318 2236 1397 2301 quae

328 2333 375 2383 est
391 2340 463 2404 erga
480 2318 675 2406 operationes
688 2318 783 2406 impia
795 2319 938 2405 ipsorum
951 2319 1114 2400 sententia,
1126 2341 1206 2405 quae
1217 2318 1291 2385 dicit
1303 2343 1398 2407 opor-

330 2441 394 2490 tere
409 2447 463 2490 eos
479 2423 511 2490 in
526 2423 675 2490 omnibus
689 2422 836 2512 operibus
850 2425 944 2490 etiam
959 2422 1148 2513 quibuslibet
1163 2425 1254 2492 malis
1269 2425 1347 2509 fieri,
1360 2451 1397 2493 ex

330 2531 462 2596 Domini
484 2528 625 2597 doctrina
648 2528 835 2596 dissolvetur
846 2530 879 2584 (ς)
902 2530 982 2618 apud
1009 2553 1105 2619 quem
1129 2554 1194 2597 non
1217 2531 1319 2598 solum
1343 2536 1398 2620 qui

329 2635 522 2716 moechatur,
539 2635 711 2723 expellitur,
724 2635 776 2702 sed
793 2637 889 2722 etqui
902 2625 1062 2701 moechari
1074 2636 1157 2702 vult:
1172 2651 1203 2702 et
1215 2659 1279 2702 non
1292 2638 1396 2704 solum

327 2743 380 2829 qui
405 2741 527 2823 occidit,
551 2765 621 2809 reus
652 2743 711 2808 erit
743 2743 911 2809 occisionis
942 2740 980 2808 ad
1012 2740 1262 2824 damnationem,
1290 2742 1399 2810 sedet

223 2923 228 2936 Ι
327 2848 380 2934 qui
404 2847 545 2914 irascitur
569 2849 635 2914 sine
658 2870 749 2914 causa
773 2846 857 2913 lratri
882 2869 958 2912 suo:
982 2849 1036 2934 qui
1061 2864 1091 2914 et
1119 2871 1184 2914 non
1203 2848 1307 2915 solnm
1332 2872 1398 2915 non

328 2954 416 3020 odire
439 2953 595 3036 homines,
619 2952 673 3020 sed
696 2971 726 3020 et
750 2954 895 3020 inimicos
918 2951 1047 3042 diligere
1071 2955 1180 3020 iussit:
1204 2972 1235 3021 et
1258 2978 1324 3021 non
1347 2979 1402 3022 so-

330 3061 397 3128 lum
416 3083 481 3128 non
504 3063 649 3149 peierare,
670 3060 724 3127 sed
748 3083 804 3127 nec
828 3060 929 3127 iurare
952 3061 1125 3148 praecepit:
1150 3077 1180 3127 et
1203 3083 1268 3128 non
1292 3062 1398 3128 solum

332 3166 423 3258 [non]
450 3167 530 3233 male
553 3168 640 3255 loqui
662 3165 699 3234 de
722 3167 886 3255 proximis,
905 3165 959 3232 sed
982 3189 1022 3232 ne
1045 3165 1173 3254 quidem
1195 3194 1211 3230 (ι
1226 3167 1344 3234 racha»
1370 3186 1401 3235 et

370 3336 412 3406 (ι)
432 3336 543 3388 Pulchra
564 3336 657 3389 allusio
670 3335 702 3389 ad
718 3336 838 3407 spiritum
894 3331 1401 3402 abapostoloprophetiamdatamesse;

335 3422 452 3475 caritatis
479 3439 531 3492 quo
558 3421 674 3474 Ecclesia
705 3422 839 3490 agebatur.
894 3415 939 3468 clr.
959 3415 1071 3468 HIPPOL.
1085 3415 1125 3468 De
1139 3413 1238 3469 Christo
1250 3422 1273 3469 el
1285 3415 1346 3468 Ant.
1357 3415 1400 3469 bo.

335 3505 389 3558 Csr.
408 3510 454 3569 Εἰς
473 3505 540 3560 snio.
560 3505 604 3572 87,
623 3503 665 3575 96.
930 3502 972 3569 (5)
989 3499 1253 3572 Mar-frtV,21sqq.
1290 3499 1402 3555 Clr.his

371 3591 414 3658 (2)
433 3588 486 3643 Clr.
507 3588 610 3660 Apocul.
630 3589 688 3652 XII,
708 3605 733 3655 4.
895 3583 1001 3654 gemina
1017 3584 1045 3637 in
1055 3587 1101 3648 Εἰς
1113 3583 1181 3638 talo.
1195 3583 1237 3655 96.
1274 3584 1324 3637 Hic
1337 3601 1402 3638 vero

372 3676 415 3744 (3)
434 3675 535 3727 Alludit
552 3674 584 3726 ad
600 3691 678 3744 opera
695 3675 799 3744 magiae
815 3687 840 3728 et
895 3679 986 3721 contra
997 3667 1218 3739 Carpocratiaoos
1236 3669 1305 3740 agit:
1322 3667 1368 3721 cfr.
1379 3669 1400 3732 l,

336 3758 489 3810 commercii
503 3775 562 3810 cunr
576 3757 758 3826 daemonibus,
774 3775 841 3829 quae
895 3767 1000 3816 xxv,1;
1014 3751 1131 3805 Ptorm.
1150 3769 1193 3823 op.
1206 3753 1250 3805 cit.
1264 3767 1304 3820 13,
1317 3752 1402 3806 acrius

337 3842 518 3895 illisovebant.
555 3841 608 3895 cfr.
625 3841 710 3895 Tarta.
724 3842 839 3895 Praescr.
894 3836 975 3888 etiam
1009 3836 1138 3906 practicas
1168 3851 1282 3906 gnoseos
1309 3853 1402 3890 conse-

372 3927 413 3994 (4)
432 3927 502 3980 Male
521 3927 707 3996 interpolatum
722 3928 842 3980 essehoc
895 3920 1016 3991 quentias
1030 3919 1207 3990 reprehendit,
1222 3920 1280 3974 solo
1293 3920 1404 3974 rationis

336 4008 445 4058 verbum
467 4007 583 4077 quisquis
607 4008 740 4078 percipiet.
777 4006 842 4060 Vult
895 4005 983 4057 ductu.
1019 4004 1103 4056 Porro
1126 4004 1215 4057 locum
1241 4004 1311 4058 hunc
1330 4021 1404 4057 com·

333 4090 408 4141 enim
426 4090 550 4144 Irenaeus
566 4091 598 4144 de
614 4090 749 4145 Gnosticis
764 4103 791 4145 et
810 4093 842 4144 ale
896 4107 1005 4145 munem
1029 4108 1086 4146 esse
1110 4091 1234 4146 omnibus
1257 4091 1405 4164 apologetis

333 4174 491 4227 Antichristl
504 4175 647 4228 fautoribus
660 4175 738 4229 simul
752 4177 779 4228 in
789 4193 843 4230 uno
896 4194 951 4230 non
970 4189 1008 4230 est
1027 4175 1098 4247 quod
1116 4176 1212 4230 dicam.
