3238 5090
352 441 415 520 396
640 455 766 502 tranant
790 457 950 504 inversus
974 453 1129 500 naereses
1190 451 1274 518 [xlx.
1290 450 1387 514 8-ttX‚
1405 466 1423 504 2

348 651 542 720 resolventes
565 650 708 737 capitula,
724 649 883 733 omnibuS,
899 665 1053 739 quotquot
1072 671 1138 716 non
1157 648 1263 718 seduci
1282 651 1426 716 scientes

348 758 470 838 volunt,
484 755 569 846 quod
592 775 640 826 est
657 780 793 846 nequam
813 773 843 824 et
857 757 1007 826 dolosum
1023 772 1053 824 et
1069 754 1283 824 seductorium
1302 772 1333 824 et
1347 780 1426 846 per-

349 864 555 947 niciosum,(¹)
572 863 611 932 de
627 863 733 930 schola
753 886 865 932 eorum
883 865 937 952 qui
956 880 1028 930 sunt
1044 887 1060 930 a
1076 863 1246 932 Valentino
1265 879 1295 930 et
1313 863 1425 930 areli-

349 972 419 1060 quis
435 969 675 1052 haereticomm,
687 987 842 1059 quotquot
850 971 1075 1058 Demiurgum,
1087 968 1116 1036 id
1129 985 1186 1050 est,
1198 966 1423 1036 fabricatorem

350 1093 381 1144 et
404 1076 555 1145 factorem
579 1077 671 1144 huius
698 1079 920 1159 universitatis,
944 1078 1049 1146 solum
1075 1078 1276 1144 exsistentem
1300 1075 1423 1158 Deum,
1454 1129 1456 1132 .

351 1184 433 1250 male
455 1199 596 1266 tractant,
616 1183 823 1268 ostendimus,
842 1182 1058 1252 dissolubilem
1082 1206 1194 1252 eorum
1211 1185 1297 1252 viam
1317 1185 1424 1250 mani-

351 1289 509 1358 festantes.

419 1416 448 1480 9.
462 1395 520 1487 [4]
564 1397 648 1481 Quis
662 1399 747 1466 enim
764 1420 893 1464 sensum
906 1395 1035 1480 bahem,
1050 1413 1080 1465 et
1093 1397 1233 1466 veritatis
1248 1398 1300 1466 vel
1315 1396 1424 1464 modi·

351 1525 425 1569 cum
444 1505 610 1592 attingens,
625 1503 788 1572 sustinebit
806 1504 955 1585 dicentes,
974 1526 1067 1592 super
1082 1505 1294 1592 Demiurgum
1310 1504 1422 1571 Deum

351 1632 420 1676 esse
443 1610 574 1678 alterum
595 1612 738 1680 Patrem:
756 1628 786 1678 et
805 1612 939 1678 alterum
957 1612 1086 1702 quidem
1104 1635 1173 1680 esse
1189 1613 1421 1701 Monogenem,

351 1716 484 1788 alterum
500 1734 605 1784 autem
617 1717 760 1784 Verbum
773 1718 844 1798 Dei,
853 1742 949 1807 quem
965 1735 996 1786 et
1011 1721 1044 1786 in
1059 1717 1308 1786 deminoratione
1322 1720 1424 1786 emis·

351 1845 423 1888 sum
442 1823 568 1890 dicunt:
588 1823 722 1891 alterum
737 1840 841 1890 autern
857 1824 1034 1906 Christum,
1048 1847 1144 1913 quem
1162 1842 1192 1892 et
1211 1825 1423 1913 posteriorem

350 1929 478 2017 reliquis
496 1929 658 1997 Aeonibus
678 1954 751 1998 cum
766 1931 882 2020 Spiritu
898 1947 1007 1998 sancto
1024 1930 1142 2000 factum
1158 1955 1227 2002 esse
1245 1929 1368 2000 dicunt:
1388 1951 1423 2000 et

351 2035 484 2102 alterum
503 2037 710 2119 Salvatorem,
722 2061 818 2126 quem
837 2061 876 2104 ne
895 2062 912 2106 a
928 2039 1019 2106 Patre
1040 2036 1169 2127 quidem
1185 2041 1422 2120 universorum,

352 2141 405 2208 sed
426 2141 463 2210 ab
483 2142 531 2210 his
550 2145 604 2230 qui
623 2146 657 2211 in
674 2143 926 2214 deminoratione
950 2143 1022 2212 sacti
1045 2161 1117 2212 sunt
1140 2143 1301 2216 Aeonibus
1324 2144 1423 2212 colla·

351 2265 420 2314 tum
444 2266 475 2317 et
498 2268 683 2338 congestum
707 2249 825 2332 dicunt,
844 2268 874 2318 et
898 2251 1070 2320 necessarie
1093 2270 1219 2340 propter
1241 2250 1423 2320 deminora-

352 2355 473 2420 tionem
496 2355 672 2421 emissum?
718 2357 772 2437 Ut,
792 2356 853 2424 nisi
871 2357 904 2422 in
926 2357 1101 2444 ignorantia
1120 2371 1151 2422 et
1167 2355 1423 2424 deminoratione

354 2459 484 2527 fuissent
506 2461 644 2542 Aeones,
663 2461 835 2529 secundum
859 2485 915 2528 eos
938 2483 995 2528 nec
1015 2461 1161 2530 Christus
1184 2461 1319 2528 emissus
1343 2459 1423 2528 fuis·

352 2581 409 2649 set,
425 2588 483 2632 nec
498 2565 631 2654 Spiritus
654 2584 790 2650 sanctus,
810 2591 867 2634 nec
891 2568 1009 2650 Horos,
1027 2590 1085 2634 nec
1104 2568 1206 2648 Soter,
1225 2590 1282 2634 nec
1306 2569 1422 2656 angeli,

353 2696 409 2739 nec
430 2689 529 2740 mater
553 2675 705 2762 ipsorum,
729 2698 785 2742 nec
810 2697 919 2742 semen
942 2675 1019 2758 eius,
1035 2697 1093 2742 nec
1110 2675 1228 2762 reliqua
1247 2671 1359 2740 mundi
1375 2672 1423 2740 fa·

353 2777 501 2859 bricati03
526 2779 580 2846 sed
604 2779 734 2848 fuissent
757 2782 866 2849 omnia
888 2780 1008 2848 deserta
1032 2803 1067 2847 ac
1087 2779 1232 2848 destituta
1251 2796 1299 2847 tot
1317 2777 1420 2846 bonis

353 2887 428 2954 Non
452 2887 557 2954 solum
576 2890 678 2976 itaque
702 2889 734 2956 in
759 2887 977 2955 fabricatorem
1000 2903 1124 2955 tantum
1147 2887 1313 2975 irreligiosi
1336 2903 1422 2966 sunt,

352 2991 429 3060 labis
452 3017 527 3060 eum
550 2995 689 3062 dicentes
713 2995 868 3075 fructum3
889 2994 942 3062 sed
962 3012 993 3062 et
1011 2997 1043 3062 in
1060 2993 1235 3078 Christum,
1255 3011 1285 3062 et
1303 2995 1336 3061 in
1350 2993 1422 3082 Spi-

354 3101 449 3167 ritum
472 3121 627 3183 sanctum,
651 3119 776 3190 propter
803 3102 904 3168 labem
933 3101 1072 3170 dicentes
1095 3123 1150 3168 eos
1173 3100 1368 3182 emissos;(²)
1389 3119 1422 3168 et

354 3207 549 3274 Salvatorem
573 3225 677 3274 autem
702 3208 846 3274 similiter
869 3225 939 3295 post
958 3205 1071 3274 labem.
1119 3208 1203 3291 Quis
1221 3207 1306 3275 enim
1326 3207 1422 3274 susti-

354 3310 439 3378 nebit
462 3313 617 3402 reliquum
644 3336 756 3380 eorum
779 3314 1007 3400 vaniloquium,
1030 3313 1115 3402 quod
1139 3329 1239 3382 astute
1265 3311 1421 3402 parabolis

355 3415 496 3506 adaptare
512 3437 672 3500 conantes,
687 3436 717 3486 et
732 3443 776 3500 se,
792 3436 822 3486 et
837 3420 957 3506 eosqui
973 3417 1032 3486 sibi
1045 3419 1229 3501 credunt,in
1246 3419 1421 3486 maximam

354 3541 577 3593 converterunt
595 3527 810 3616 impietatem?

353 3679 465 3733 πλεῖστα
477 3685 577 3746 συνοχῇ
591 3678 785 3734 seuamaxima
797 3695 860 3732 con·
914 3679 1033 3750 regulam
1052 3678 1169 3750 ipsorum
1187 3677 1338 3750 spopondit.

358 3781 372 3812 «
380 3761 504 3816 tinentia:
515 3763 530 3815 i.
542 3779 564 3816 e.
575 3763 722 3833 praecipua,
729 3775 861 3834 ¹quatenus
950 3764 993 3830 (1)
1012 3761 1032 3814 1.
1051 3779 1074 3816 e.
1093 3763 1248 3834 nequitiam,
1261 3762 1351 3816 dolum
1370 3773 1422 3815 etc.

358 3848 861 3919 acaeteracontinent,praeoculissub·
950 3847 992 3913 (a)
1006 3845 1422 3916 Evidentissimatransparethic

359 3930 473 3992 «licita.
510 3931 606 3986 Levior
633 3932 739 4004 quidem
764 3948 860 4002 pugna,
914 3929 1006 3984 triadis
1023 3929 1182 3986 christianae
1195 3929 1278 3996 notio,
1288 3929 1331 3984 ubi
1341 3927 1423 3983 Crea-

355 4031 422 4084 qnae
431 4015 559 4085 exagitari
573 4027 682 4070 mereat.
718 4014 860 4070 Caeterum
915 4027 966 4080 tot,
976 4013 1133 4078 Christus‚et
1143 4013 1252 4085 Spiritus
1262 4019 1362 4067 sanctus
1371 4013 1422 4067 soli

355 4109 381 4150 et
397 4115 412 4151 a
428 4097 589 4169 praelatione
608 4099 685 4152 huius
703 4099 761 4152 libri
778 4098 860 4152 Item:
915 4115 977 4169 prae
997 4097 1104 4171 reliquis
1123 4098 1245 4154 omnibus
1264 4115 1423 4154 enumeran-

355 4195 473 4236 evertere
486 4199 514 4236 se
530 4203 543 4232 a
549 4193 595 4255 per
611 4199 705 4255 magna
720 4183 857 4254 capitula»
915 4195 966 4236 tur.
