3172 5044
423 469 466 514 DE
491 469 620 516 CETERIS
643 470 772 518 IRENAEI
794 470 928 516 SCRIPTIS
1168 471 1205 535 19

216 693 248 742 2.
262 670 422 743 Praeter
436 667 605 766 quinque
615 669 654 742 A
662 725 671 741 .
682 670 739 741 Η.
756 667 881 754 libros,
893 667 951 742 his
965 668 1098 743 diebus
1109 669 1208 744 edita

133 809 191 867 est
219 819 242 867 a
271 793 348 866 Ι).η
366 791 637 867 Mekerttscian
666 792 854 867 armenica
886 792 1010 866 versio
1038 794 1206 892 opusculi

131 927 172 1002 εἰς
195 924 337 1002 ἐπίδειξιν
361 933 414 988 τοῦ
437 925 641 990 amoenans
663 925 854 1010 κηρύγματος
887 919 936 991 ad
972 918 1205 993 Marcianum

132 1041 339 1128 fratrem,‘¹)
366 1043 618 1138 syntheticam
648 1067 783 1139 nempe
812 1041 898 1115 fidei
932 1043 1207 1118 enarrationem

131 1185 248 1266 atque
268 1195 318 1242 ex
338 1167 384 1242 V.
409 1168 455 1240 T.
480 1166 839 1242 demonstrationem
868 1167 1062 1253 exhibens,
1083 1169 1131 1244 ab
1160 1168 1204 1242 lr.

131 1309 219 1388 post
249 1293 463 1366 conlectum
503 1292 711 1365 Elcnclzum
748 1291 979 1384 adornatam.
1036 1292 1098 1365 De
1137 1293 1206 1366 hac

131 1441 249 1512 saepe
279 1415 316 1489 in
344 1415 650 1490 adnotationibus
687 1441 811 1489 sermo
843 1416 925 1494 erit.
953 1459 1008 1472 -
1033 1416 1206 1489 Aliorum

132 1538 382 1637 complurium
397 1562 567 1638 operum,
580 1541 792 1638 fragmenta
806 1539 865 1613 vel
879 1540 1011 1616 saltem
1027 1539 1206 1614 memoria

132 1680 347 1761 supersunt,
378 1691 538 1762 quorum
568 1665 719 1738 nomina
747 1666 890 1739 damus.

217 1813 252 1882 3.
284 1795 360 1880 Περὶ
383 1795 546 1880 μοναρχίας
564 1797 584 1879 ἢ
606 1797 674 1881 περὶ
692 1804 745 1860 τοῦ
761 1805 801 1879 μῆ
817 1797 892 1860 εἶναι
915 1799 966 1859 τὸν
985 1795 1060 1860 θεὸν
1082 1799 1207 1882 ποιητὴν

131 1927 239 1982 mov
262 1912 311 1986 ad
339 1911 544 1997 Florinum,
578 1913 744 1986 nondum
774 1914 832 2009 (ut
865 1911 1032 2010 videtur)
1062 1915 1109 1986 ab
1137 1913 1206 1988 Ec·

131 2035 247 2110 clesia
280 2037 487 2134 delapsum.
548 2035 820 2134 Fragmentum
858 2038 972 2110 refert
1007 2036 1204 2122 Eusebius,

132 2159 178 2244 V,
214 2183 275 2244 20,
307 2185 331 2253 4
361 2162 565 2256 (armenice
594 2161 704 2246 Pitra,
736 2162 858 2234 Anal.
888 2188 958 2234 sac.
994 2162 1063 2257 II);
1098 2161 1206 2236 huius

132 2303 379 2372 momentum,
403 2303 444 2362 ut
464 2285 662 2371 innuimus,
695 2287 900 2360 maximum
923 2303 980 2359 est
998 2286 1048 2360 ad
1065 2312 1206 2360 annum

133 2410 178 2482 lr.
202 2411 367 2483 natalem
387 2411 642 2484 statuendum.
702 2410 812 2504 Quae
831 2410 934 2484 Zahn
955 2407 1122 2514 (Forsclz.
1141 2411 1202 2495 IV,

135 2539 231 2632 306)
262 2536 363 2632 apud
400 2535 553 2610 Philast.
584 2537 705 2609 Haer.
741 2556 788 2627 79
825 2551 864 2608 et
899 2535 1063 2632 August.
1099 2537 1203 2610 Adv.

132 2657 237 2729 haer.
269 2662 331 2740 66,
362 2658 511 2731 adhoc
540 2683 636 2756 opus
663 2658 786 2742 refert,
817 2656 930 2730 dubia
958 2672 1056 2730 sunt.

213 2806 251 2872 4.
283 2788 472 2872 Σπούδαομα
494 2792 562 2874 περὶ
584 2789 743 2874 oriciadae:
764 2782 897 2880 fragm.
917 2782 965 2856 ad
984 2782 1125 2855 scribas
1144 2807 1203 2880 ap.

133 2907 274 2982 Euseb.
293 2906 338 2990 V,
365 2930 423 2992 20,
449 2933 481 2981 2.
540 2907 818 3005 Argumentum
839 2907 964 3004 operis
982 2922 1041 2980 est
1060 2907 1206 3004 ogdoas

133 3030 344 3117 Valentini;
360 3049 399 3105 at
414 3049 545 3105 contra
560 3031 964 3132 Florinum'scripsisse
984 3031 1026 3104 Ir.
1045 3031 1203 3105 videtur.

134 3158 232 3232 Huic
252 3156 358 3256 operi
379 3173 576 3254 praeterea
593 3156 881 3230 adscribendum
903 3156 1034 3253 fragm.
1053 3155 1138 3228 VIII
1158 3181 1205 3230 ex

133 3310 190 3383 gr.
222 3288 291 3380 (25
313 3286 408 3378 syr.)
438 3282 596 3355 relatum
615 3307 638 3354 a
657 3279 817 3355 Leontio
851 3281 888 3354 C.
910 3283 1060 3353 Nestor.
1093 3281 1118 3366 I,
1144 3305 1202 3375 23,

134 3409 237 3506 quod
267 3408 304 3479 in
334 3406 416 3479 Cat.
448 3405 577 3479 Seirae
607 3406 642 3478 in
674 3406 791 3478 Octat.
822 3406 970 3480 cuidam
997 3405 1102 3503 operi
1126 3417 1206 3478 κατὰ

134 3537 317 3602 Βαλενυίνου
345 3529 567 3604 decernitur.

218 3677 251 3748 5.
270 3661 346 3746 Περὶ
363 3660 531 3746 σχίσματος
548 3655 597 3728 ad
614 3654 780 3728 Blastum
792 3655 1003 3728 Romanum
1014 3655 1205 3751 presbyte-

133 3807 227 3866 rum,
240 3805 355 3876 quem
371 3779 557 3853 Eusebius
569 3805 678 3852 secus
689 3777 880 3853 Florinum
891 3779 1129 3875 nominat(V,
1145 3801 1203 3864 20,

204 4019 247 4084 (t)
263 4017 304 4070 De
323 4017 401 4070 huius
419 4017 522 4087 opellae
545 4029 684 4070 momento
709 4016 754 4070 cir.
775 4017 1025 4070 commentariolum
1040 4028 1161 4069 nostrum
1179 4015 1208 4068 in

135 4097 231 4153 Rr'vr'slo
251 4101 451 4152 norico—critica
471 4099 496 4151 d.
512 4117 546 4156 rc.
565 4099 660 4171 leolog,
684 4115 749 4170 1907
759 4111 777 4152 ².
816 4099 917 4154 Textus
937 4117 997 4152 cum
1017 4101 1137 4152 versione
1149 4115 1207 4169 ger-

135 4187 238 4239 manica
256 4197 344 4238 exstat
364 4185 392 4237 in
411 4185 569 4239 collectione
587 4185 731 4256 Lipsiensi:
754 4184 828 4237 Texta
843 4203 869 4238 u.
888 4184 1207 4255 Unt.XXXl,1(1907).
