3274 5100
202 481 235 550 (1,
255 481 292 552 ι)]
598 482 688 529 tinen
710 465 875 528 sucuxous
1206 478 1269 546 309

203 698 416 746 roxoxax‘rsu
439 697 517 744 sou.
568 697 595 742 1.
608 675 693 742 Bene
711 676 807 763 igitur
821 673 912 740 habet
929 675 1063 762 aprimo
1078 691 1109 741 et
1128 676 1270 741 maximo

202 784 338 872 capitulo
357 781 505 850 inchoare
528 804 598 862 nos,
621 804 638 847 a
663 781 841 875 Demiurgo
867 781 950 862 Deo,
971 783 1025 869 qui
1050 780 1122 847 fecit
1148 781 1270 847 caelum

203 905 233 956 et
254 906 370 956 terram
394 905 425 956 et
447 889 555 955 omnia
578 908 657 975 quae
680 887 712 952 in
729 887 775 952 eis
794 902 878 966 sunt,
891 908 987 972 quem
1003 885 1035 952 hi
1052 884 1272 975 blaspheman-

202 1015 248 1063 tes
271 995 475 1062 extremitatis
499 993 637 1060 fructum
661 991 789 1060 dicunt:
813 1009 846 1058 et
868 990 1044 1072 ostendere,
1067 991 1151 1080 quod
1170 1015 1271 1082 neque

203 1125 294 1191 super
317 1125 391 1168 eum
415 1123 515 1189 neque
537 1116 609 1189 post
632 1123 705 1166 eum
729 1115 776 1165 est
798 1096 930 1187 aliquid:
961 1120 1063 1186 neque
1096 1097 1133 1165 ab
1166 1099 1271 1187 aliquo

204 1225 320 1289 motus,
343 1207 397 1276 sed
427 1231 482 1275 sua
510 1206 660 1273 sententia
689 1222 720 1272 et
750 1203 845 1272 libere
870 1203 942 1271 fecit
966 1207 1085 1288 omnia,
1107 1229 1208 1294 quum
1232 1207 1272 1272 sit

203 1317 289 1383 solus
312 1317 410 1396 Deus,
433 1331 465 1380 et
487 1313 574 1380 solus
597 1314 769 1392 Dominus,
792 1328 823 1378 et
846 1312 932 1378 solus
952 1311 1106 1395 conditor,
1130 1329 1161 1379 et
1184 1312 1271 1380 solus

204 1422 304 1504 Pater,
329 1439 359 1487 et
375 1420 460 1487 solus
484 1419 648 1486 continens
671 1418 824 1500 omnia,(¹)
846 1435 876 1485 et
899 1418 1048 1485 omnibus
1071 1436 1105 1485 ut
1128 1419 1189 1485 sint
1205 1419 1271 1507 ipse

203 1544 370 1617 praestans.
448 1549 452 1558 ·
799 1529 801 1536 ’

270 1656 300 1702 2.
326 1633 609 1717 Quemadmodum
633 1632 718 1699 enirn
737 1634 851 1720 poterit
875 1655 967 1721 super
991 1633 1073 1700 hunc
1097 1633 1153 1700 alia
1173 1634 1272 1722 pleni-

204 1742 290 1822 tud0,
313 1757 366 1807 aut
389 1739 558 1818 initium,(²>
573 1755 625 1805 aut
640 1755 786 1826 potestas,
803 1754 856 1804 aut
871 1739 949 1805 alius
964 1741 1052 1806 Deus
1067 1763 1153 1806 esse:
1173 1763 1270 1829 quum

205 1863 345 1936 oporteat
374 1847 493 1927 Deum,
525 1845 640 1912 horum
671 1846 819 1911 omnium
848 1845 1034 1932 pleroma,<³)
1056 1848 1088 1913 in
1112 1849 1272 1914 immenso
1364 1900 1366 1906 .

205 1955 311 2022 omnia
345 1953 637 2032 circumcontinere,
668 1968 699 2017 et
733 1953 1008 2020 circumcuntineri
1038 1977 1055 2019 a
1083 1955 1273 2021 neminetto

243 2184 286 2255 (t)
311 2185 344 2238 Η.
373 2202 409 2238 e.:
437 2187 638 2250 παντοκράτωρ,
665 2181 711 2237 cfr.
766 2184 872 2255 miurgo
899 2196 969 2249 sunt,
992 2202 1044 2256 qua
1068 2185 1172 2239 ratione
1191 2186 1273 2256 pleni·

207 2270 227 2335 l,
247 2285 274 2334 x,
303 2270 361 2323 init.
389 2287 414 2340 p.
437 2285 496 2338 15t;
523 2271 565 2322 vel
588 2282 658 2333 xrtat,
686 2283 709 2332 1,
765 2269 830 2322 tudo
849 2281 874 2322 et
891 2269 1056 2323 immensitas
1081 2269 1131 2323 Dei
1150 2271 1273 2324 sustineri

207 2372 230 2424 p.
241 2369 287 2422 243
298 2353 440 2425 sq.-Cur
448 2353 515 2406 solus
524 2353 662 2425 quinquies
673 2368 711 2404 re·

207 2451 318 2508 petatur,
337 2439 513 2510 explicatione
531 2455 585 2492 non
601 2439 710 2510 indiget.

243 2524 284 2589 (a)
303 2543 317 2572 u
327 2524 413 2592 Ἀρχὴ
427 2524 517 2594 procul
531 2523 611 2576 dubio
623 2522 670 2576 fuit
684 2522 711 2576 in

211 2605 345 2672 «Graeco,
354 2623 421 2678 quae
431 2624 483 2660 vox
493 2608 536 2660 hic
546 2624 601 2660 non
612 2609 711 2660 initium

210 2692 278 2745 «sed
294 2693 449 2764 principium
464 2707 553 2744 rerum
569 2707 583 2742 a
599 2707 652 2760 quo
667 2691 711 2744 de-

210 2797 223 2824 «
233 2776 358 2846 pendent,
377 2776 485 2829 denotat
495 2795 522 2841 »3
543 2774 645 2828 Gnate.

242 2859 284 2926 (3)
304 2858 372 2912 lren.
387 2870 416 2910 ut
431 2859 597 2912 commodius
619 2871 712 2928 arguat

207 2941 355 3011 promiscue
368 2941 428 2993 hinc
444 2940 531 2994 Deum
548 2953 573 2994 et
589 2940 711 2994 Pleroma

207 3024 265 3094 (cfr.
294 3043 357 3079 mox
377 3025 391 3095 §
414 3041 424 3093 3
455 3042 539 3078 «cum
563 3025 713 3079 Pleromate

211 3110 400 3163 «subaudiatur
422 3121 448 3163 et
473 3110 573 3181 primus
592 3109 712 3176 Densi),

207 3194 268 3247 inde
287 3211 351 3248 vero
372 3193 547 3264 Demiurgum
567 3207 592 3248 et
611 3207 713 3248 creatas

205 3294 248 3332 res
276 3279 379 3350 accipit,
404 3291 482 3351 atque
507 3280 642 3350 utriusque
660 3291 712 3333 ter-

207 3363 273 3416 mini
293 3365 568 3435 incontpatibilitatem
588 3365 712 3418 ostendit.

206 3447 249 3499 Ad
268 3448 323 3500 vim
347 3448 496 3518 argumenti
516 3448 712 3518 percipiendam

206 3531 376 3584 recolendum
395 3543 434 3584 est
454 3532 516 3602 quid
535 3531 655 3584 Gnostici
681 3532 713 3584 de

206 3626 318 3686 utroque
337 3617 474 3669 sentirent.
490 3647 524 3654 -
540 3616 627 3669 Deum
641 3616 713 3668 enim

206 3699 316 3770 utquid
336 3700 519 3770 plenissimum
535 3711 560 3753 et
580 3699 713 3771 perfectis-

207 3783 305 3836 simum
326 3784 522 3854 concipiebant:
536 3785 712 3854 Demiurgum

206 3869 295 3920 autem
309 3879 337 3921 ut
350 3867 533 3938 imperfectum
546 3881 651 3940 partum
664 3869 713 3922 im·

206 3951 382 4024 perfectionis,
407 3954 452 4007 sed
476 3972 491 4006 a
516 3954 574 4007 Deo
602 3955 713 4008 omnino

206 4036 430 4108 independentem
452 4050 478 4091 ct
497 4049 571 4091 extra
590 4055 651 4092 eum
668 4055 713 4108 po-

206 4120 295 4174 situm.
328 4120 384 4175 Cir.
405 4122 425 4187 Ι,
445 4137 478 4186 v;
494 4136 521 4187 x,
544 4138 572 4190 33
596 4137 665 4188 xxx,
687 4122 711 4175 6.

217 4203 320 4259 -Hinc
335 4206 418 4259 lren.:
439 4207 461 4259 si
480 4206 546 4261 haec
562 4209 597 4260 ita
613 4207 645 4260 de
661 4208 712 4260 De·

279 4417 333 4458 Bell.
348 4417 414 4459 Santi.
430 4417 487 4459 Patr.
501 4419 555 4472 (Ser.
567 4419 597 4472 ll)
613 4419 650 4459 lll.

766 2353 880 2422 poterit?
918 2353 990 2407 Haec
1003 2354 1117 2408 decisiva
1131 2371 1272 2425 argumen·

765 2438 832 2491 tatio
851 2439 987 2508 originalis
1006 2451 1059 2492 est:
1081 2455 1143 2491 narn
1168 2451 1273 2492 tantum

767 2523 851 2593 prima
879 2523 1041 2576 lineamenta
1062 2523 1138 2576 illius
1165 2523 1273 2577 tradunt

766 2624 791 2658 v.
805 2625 830 2676 g.
844 2607 948 2672 ΡιΛτο,
959 2607 1076 2660 Parmen.
1092 2622 1150 2675 132;
1169 2607 1209 2661 De
1224 2608 1270 2679 leg.

767 2689 812 2755 IV,
832 2691 874 2744 vel
893 2690 960 2760 [Ps]
976 2691 1109 2744 Anteros.
1130 2691 1170 2744 De
1188 2691 1271 2744 Malis.

765 2773 877 2845 Xenoplr.
888 2781 911 2826 el
921 2773 1000 2845 Gorg.
1012 2775 1141 2844 [Dextera
1154 2791 1215 2844 977,
1227 2789 1272 2840 24·

766 2860 821 2928 ao]
867 2859 959 2912 Simile
991 2858 1089 2929 profert
1121 2860 1270 2913 Aeneam.

767 2943 827 3014 Leg.
843 2943 859 2995 8
876 2942 919 2995 ubi
938 2943 1054 2995 ostendit
1073 2943 1095 2995 si
1114 2943 1167 2995 duo
1185 2955 1273 2996 essent

767 3027 803 3079 dii
818 3027 861 3080 vel
876 3027 972 3098 plures,
988 3027 1076 3080 locum
1093 3028 1169 3080 unius
1185 3044 1217 3080 ex
1232 3027 1273 3080 his

767 3111 880 3165 inveniri
899 3129 954 3164 non
974 3127 1059 3182 posse.
1096 3111 1149 3164 etr.
1170 3129 1273 3182 quoque

767 3197 801 3263 (c.
815 3213 838 3249 a.
856 3199 919 3263 250)
935 3195 1051 3249 Ptortx.
1061 3194 1172 3248 Ennead.
1184 3195 1217 3261 V,
1232 3211 1273 3266 23,

767 3294 793 3334 et
812 3280 844 3333 de
863 3297 895 3332 eo
914 3279 1013 3343 Catxo,
1035 3279 1085 3332 The
1103 3280 1228 3332 evolutos
1247 3279 1278 3349 os

771 3363 892 3435 Theology
911 3367 938 3416 in
953 3364 990 3417 tlte
1004 3365 1079 3435 grecie
1094 3363 1273 3436 Philosophus,

772 3463 847 3519 1904,
862 3449 915 3502 vol.
925 3448 958 3514 ΙΙ,
968 3466 1011 3519 pp.
1024 3448 1153 3518 ,ιγ-346.
1166 3450 1274 3502 -Post

767 3533 836 3586 lren.
864 3550 928 3586 vero
956 3533 1110 3586 innumeros
1134 3547 1211 3587 nacta
1234 3545 1274 3588 est

767 3617 915 3671 imitatores
936 3634 952 3669 a
971 3616 1110 3670 Texxutt.
1131 3617 1229 3684 (Marc.
1251 3618 1272 3684 l,

772 3705 815 3766 11)
827 3702 860 3754 ad
869 3719 889 3754 s.
900 3700 1028 3755 Tuouax
1042 3699 1153 3771 (Contra
1167 3701 1239 3756 Geni.
1254 3702 1274 3767 l,

768 3789 824 3853 all·

803 3872 845 3940 (4)
864 3871 968 3941 Duplex
979 3884 1067 3924 autem
1078 3871 1129 3924 hoc
1145 3871 1274 3924 absonum

768 3955 836 4008 lren.
849 3956 961 4026 detegit:
981 3958 1007 4008 1⁰
1021 3956 1107 4009 Deum
1118 3971 1173 4008 non
1183 3955 1274 4008 ornnia

768 4039 1004 4092 circumcontinerc
1023 4057 1105 4110 quum
1115 4038 1275 4108 Demiurgus

766 4131 839 4175 extra
867 4141 928 4176 eum
952 4124 986 4176 sit
1011 4123 1157 4194 (usquead
1178 4124 1274 4176 verba:

768 4207 812 4260 hoc
834 4207 988 4278 [pleonast.]
1009 4225 1064 4261 non
1086 4221 1125 4261 est
1154 4205 1275 4262 omniurn

1169 4403 1204 4458 20
