3230 5062
210 487 260 558 (V,
275 487 418 559 3-vl‚1).]
635 491 725 538 uena
749 492 865 540 PRIMUS
1222 473 1281 558 167

210 699 317 748 autem
336 681 516 761 Aletlteian3
537 699 568 748 et
585 698 711 770 propter
730 682 791 748 hoc
810 681 997 750 adventitiae
1016 683 1196 749 Voluntatis
1215 707 1282 750 ma-

209 789 316 854 sculus
345 804 392 854 est
422 789 541 876 imago,
565 789 688 854 innatae
719 811 796 856 vero
826 789 973 856 Ennoeae
998 787 1180 872 femininus,
1203 813 1283 877 quo-

211 894 297 960 niam
320 893 476 961 Voluntas
499 895 584 966 velut
607 896 707 960 virtus
731 893 809 962 lacta
833 912 879 961 est
903 896 1059 962 Ennoeae.
1115 895 1282 984 Cogitabat

208 1002 298 1067 enim
321 1001 449 1068 Ennoea
472 1024 596 1089 semper
624 1003 840 1083 emissionem,
863 1024 929 1068 non
953 1017 1060 1068 tamen
1085 1019 1115 1068 et
1139 1003 1281 1070 emittere

210 1109 276 1195 ipsa
295 1130 349 1196 per
368 1109 570 1197 semetipsam
594 1125 715 1196 poterat
729 1131 808 1197 quae
825 1105 989 1195 cogitabat.
1038 1107 1151 1190 Quum
1175 1125 1280 1176 autem

211 1214 391 1282 Voluntatis
413 1216 513 1281 virtus
537 1215 672 1296 advenit,
695 1231 769 1282 tunc
791 1213 875 1304 quod
901 1215 1066 1304 cogitabat,
1090 1215 1204 1282 emisit.

280 1341 309 1386 2.
333 1322 408 1390 Non
431 1321 576 1388 videntur
606 1321 661 1387 tibi
689 1320 732 1402 hi,
756 1343 776 1387 ο
799 1319 1011 1403 dilectissime,
1040 1321 1200 1389 Homerici
1229 1323 1280 1389 Io

210 1429 271 1508 vis,
279 1429 313 1480 (¹)
335 1445 461 1516 propter
480 1427 724 1495 sollicitudinem
748 1451 813 1495 non
836 1427 1033 1510 dormientis,
1050 1427 1104 1496 sed
1120 1451 1211 1496 curae
1225 1429 1281 1496 ha-

211 1533 323 1613 bentis,
338 1533 463 1624 quando
479 1536 592 1623 poterit
611 1534 767 1602 honorare
785 1534 954 1618 Achillem,
970 1553 1001 1603 et
1017 1536 1135 1602 multos
1152 1536 1279 1624 perdere

212 1641 418 1724 Graecorum,
443 1641 722 1730 apprehensionem
747 1640 931 1708 habuisset)
955 1643 1066 1730 magis
1086 1665 1182 1730 quam
1201 1644 1279 1724 eius,

208 1749 262 1836 qui
286 1765 333 1814 est
357 1750 576 1816 universorum
596 1749 703 1815 Deus?
726 1749 779 1837 qui
799 1748 894 1814 simul
914 1765 948 1814 ut
967 1749 1127 1836 cogitavit,
1151 1747 1280 1836 perfecit

210 1853 241 1922 id
263 1853 347 1943 quod
371 1857 538 1944 cogitavit:
562 1871 593 1921 et
616 1854 713 1921 simul
735 1876 770 1921 ac
793 1855 903 1937 voluit,
922 1872 952 1921 et
970 1857 1086 1944 cogitat
1110 1853 1170 1921 hoc
1193 1855 1277 1943 quod

209 1961 323 2029 voluit:
336 1978 411 2028 tunc
424 1963 565 2050 cogitans
576 1984 676 2050 quum
688 1962 765 2043 vult,
781 1977 811 2028 et
823 1978 898 2029 tunc
910 1962 1021 2027 volens
1033 1985 1132 2050 quum
1146 1964 1276 2052 cogitat:

207 2090 307 2157 quum
327 2069 367 2134 sit
385 2084 471 2135 totus
489 2070 654 2157 cogitatus,
673 2085 703 2135 et
721 2084 807 2137 totus
819 2091 940 2151 sensus,
959 2085 990 2134 et
1005 2084 1090 2136 totus
1106 2070 1228 2151 oculus,
1248 2085 1278 2136 et

208 2189 293 2239 totus
316 2173 449 2254 auditus,
474 2191 504 2240 et
526 2191 611 2240 totus
631 2173 701 2240 lons
720 2175 866 2240 omnium
891 2173 1100 2241 bonorum.<³>

207 2399 294 2453 totino
312 2399 365 2455 τοῦ
388 2392 580 2474 &attemptata
599 2389 786 2476 Θελήματος,
806 2391 823 2454 ὅ
841 2391 933 2477 lippae
951 2390 1049 2474 εἰκών,
1068 2402 1121 2476 τῆς
1139 2393 1172 2456 δὲ
1191 2394 1277 2478 ἀγεν-

207 2496 297 2581 νλτου
314 2496 449 2575 Ἐννοίας
467 2498 484 2561 ὅ
502 2497 610 2582 θῆλυς,
627 2497 693 2562 ἐπεὶ
707 2500 742 2562 τὸ
757 2495 886 2582 Θέλημα
901 2499 1004 2583 ὥσπερ
1019 2499 1141 2584 δύναμις
1155 2498 1275 2582 ἐγένετο

208 2611 261 2686 τῆς
277 2601 421 2680 Ἐννοίας.
468 2601 634 2668 Ἐνινοεῑτο
648 2604 704 2687 μὲν
718 2605 778 2687 γὰρ
791 2603 838 2666 ἀεὶ
856 2602 875 2687 ἡ
895 2602 1019 2667 Ἔννοια
1036 2605 1089 2686 τὴν
1108 2603 1272 2690 προβολὴν·

207 2710 243 2774 οὐ
266 2707 363 2794 μέντοι
386 2707 568 2795 προβΙιλλειν
590 2710 665 2792 αὐτὴ
688 2708 766 2773 καθ’
782 2709 892 2795 ἑαυτὴν
914 2709 1053 2794 ἠδΰνατο,
1076 2713 1096 2774 ἃ
1120 2711 1273 2778 ἑνενοείτο.

207 2813 282 2879 'Ore
304 2816 337 2878 δὲ
361 2817 381 2900 ἡ
404 2824 456 2878 τοῦ
480 2813 658 2900 Θελὴματος
676 2815 797 2900 δύναμις
812 2815 982 2900 ἐπεγένετο,
999 2813 1068 2881 τότε
1091 2817 1108 2880 ὅ
1131 2817 1274 2883 ἐνενοεῐτο

207 2919 397 3010 [malelel

275 3045 304 3091 2.
411 3025 579 3116 [omn.
599 3029 652 3111 rip
672 3025 839 3113 Ὁμηρικὴν
856 3027 1025 3112 κατάληψιν
1042 3031 1110 3114 περὶ
1128 3029 1273 3106 Διὸς.

206 3137 332 3199 τὸν...
363 3131 585 3219 χαλεπαίνοντα
614 3135 667 3198 καὶ
698 3136 810 3198 ἄϋπνον
839 3132 1078 3217 διατετελεκὸτα,
1106 3137 1187 3212 ὅπως
1214 3146 1274 3214 τοῖς

208 3239 345 3326 Ἀχαιοῖς
362 3239 577 3327 ἐπιβονλιὸοῃ.
589 3289 596 3304 .
609 3289 635 3304 ..
655 3241 704 3304 διὰ
722 3243 776 3325 τὴν
793 3245 867 3326 πρὸς
881 3244 933 3306 τὸν
953 3241 1105 3326 Ἀχιλλέα
1120 3243 1200 3328 ὅβριν
1211 3291 1218 3308 .
1229 3292 1236 3308 .
1247 3292 1273 3310 ..

205 3347 322 3431 μᾶλλον
344 3345 502 3436 ἐξιμέοας]
525 3349 544 3430 ἢ
563 3348 631 3432 περὶ
648 3355 701 3411 τοῦ
724 3356 783 3411 τῶν
805 3346 883 3411 ὅλων
901 3347 1064 3412 δεσπότου·
1089 3349 1122 3425 ὅς
1144 3351 1209 3434 ἅμα
1231 3357 1273 3434 τῷ

204 3453 352 3538 νοηθῆναι
366 3456 419 3518 καὶ
434 3453 642 3518 ἐπιτετέλεκεν
655 3451 743 3518 τοῦθ’
756 3456 831 3538 ὅπερ
846 3453 993 3539 ἠθέλησε,
1009 3457 1061 3519 καὶ
1080 3457 1144 3541 ἅμα
1162 3465 1203 3540 τῷ
1218 3457 1273 3520 θε-

205 3558 297 3644 λῆσαι
319 3562 371 3623 ναὶ
393 3561 535 3625 ἐννοεῖται
552 3559 639 3624 τοῦθ’
653 3561 727 3645 ὅπερ
744 3562 798 3624 καί
819 3559 965 3645 ἠθέλησε,
985 3559 1053 3627 τὸτε
1071 3564 1271 3648 ἐννοούμενος,

205 3667 256 3730 ὅτε
274 3666 370 3750 θέλει,
389 3669 442 3730 καὶ
459 3663 527 3732 τότε
546 3665 658 3748 θέλων,
677 3670 728 3730 ὅτε
747 3666 899 3751 ἐννοεῖται,
920 3668 992 3745 ὅλος
1011 3671 1109 3734 ἔννοια
1131 3671 1182 3752 ὢν,
1203 3671 1273 3747 ὅλος

203 3779 281 3852 νοῦς,
294 3770 363 3848 ὅλος
374 3771 543 3856 ὀφθαλμὸς,
556 3771 626 3848 ὅλος
642 3773 732 3855 ἀκοὴ,
746 3770 817 3848 ὅλος
831 3776 914 3858 πηγὴ
926 3773 1045 3838 πάντων
1060 3784 1118 3840 τῶν
1132 3775 1270 3859 ἀγαθῶν.

240 3963 281 4027 (ι)
300 3959 354 4014 cn.
374 3961 449 4016 Ituna.
469 3962 502 4027 ΙΙ,
518 3977 528 4014 1
542 3979 579 4033 sq.
616 3962 707 4016 Eetett.
799 3964 842 4031 (3)
861 3962 984 4016 Notanda
999 3963 1042 4016 hic
1057 3963 1133 4016 notio
1147 3963 1272 4032 simplici-

202 4045 220 4096 l.
230 4058 276 4097 cz
287 4045 351 4099 haec
361 4046 417 4116 ipsa
428 4047 547 4116 plurimis
558 4047 611 4100 suis
622 4059 708 4118 auget.
763 4048 825 4100 tatis
840 4047 899 4110 Dei,
915 4060 942 4101 ut
958 4049 1040 4110 aiunt,
1056 4059 1192 4112 actuosae;
1212 4063 1269 4100 sen·

238 4131 278 4196 (2)
299 4128 317 4183 1.
337 4147 361 4184 e.
391 4131 554 4195 meminisse,
579 4143 709 4202 spectasse
763 4132 876 4184 tentiam
895 4131 1031 4201 exscripsit
1051 4130 1133 4183 etiam
1157 4130 1270 4184 Crmrc.

201 4211 306 4278 (lovem
326 4213 457 4284 Homeri),
471 4216 557 4286 potius
567 4233 648 4286 quam
658 4228 708 4268 etc.
764 4215 841 4267 Hier.
859 4213 914 4268 Cat.
932 4214 968 4266 Vl
984 4213 1042 4282 (csr.
1062 4226 1088 4266 et
1103 4213 1136 4278 ΙΙ,
1154 4228 1213 4279 xvt,
1234 4214 1270 4282 3).
