3288 5060
342 495 406 560 266
608 513 735 560 menaea
758 513 918 560 xot‘xxsus
942 513 1097 560 naereses
1143 510 1241 581 [xxx
1251 511 1407 576 4-xxv1,1

338 707 439 795 specie
469 707 551 772 vitae
581 705 797 794 adimplentes,
825 723 856 772 et
885 703 1047 773 reddentes
1070 706 1185 788 debita,
1204 705 1339 791 liberari,
1364 709 1411 774 uti

339 815 402 879 iam
426 835 490 880 non
513 812 589 879 fiant
613 814 645 878 in
664 833 808 900 corpore.

375 907 378 913 ¹
408 942 436 1007 5.
461 919 565 1012 [WH.
587 919 660 999 XX,
680 919 725 1010 5}
772 919 811 988 Et
834 921 861 986 si
884 918 1011 1009 quidem
1035 920 1112 986 fiant
1134 920 1211 987 haec
1236 920 1317 1008 apud
1341 943 1409 1002 eoS,

339 1049 417 1116 quae
425 1043 497 1092 sunt
509 1026 692 1114 irreligiosa,
701 1042 732 1092 et
744 1027 868 1108 iniusta,
877 1043 908 1092 et
916 1026 1054 1108 vetita,(¹>
1066 1049 1126 1115 ego
1135 1031 1332 1116 nequaquam
1341 1050 1411 1094 cre-

340 1130 423 1199 darn.
462 1133 498 1199 ln
510 1129 793 1219 conscriptionibus
806 1149 911 1200 autem
922 1132 1050 1198 illorum
1063 1134 1108 1198 sic
1121 1134 1336 1221 conscriptum
1350 1149 1409 1215 est,

340 1255 372 1306 et
390 1241 448 1328 ipsi
468 1241 510 1305 ita
528 1255 705 1327 exponunt;
730 1239 835 1305 lesum
854 1236 992 1305 dicentes
1016 1241 1048 1306 in
1073 1241 1227 1326 mysterio
1246 1237 1408 1328 discipulis

341 1348 406 1411 suis
430 1361 459 1412 et
479 1345 630 1434 apostolis
648 1368 793 1412 seorsum
807 1346 986 1432 loquutum,
1001 1362 1031 1412 et
1047 1345 1118 1412 illos
1135 1347 1357 1434 expostulasse,
1374 1365 1409 1413 ut

340 1451 442 1541 dignis
461 1469 492 1518 et
510 1452 750 1520 assentientibus
770 1475 914 1518 seorsum
930 1452 1006 1519 haec
1022 1452 1187 1520 traderent.
1235 1455 1296 1519 Per
1311 1453 1409 1520 fidem

340 1562 475 1628 enimet
495 1560 653 1626 caritatem
678 1559 804 1638 salvari3
830 1559 948 1647 reliqua
970 1581 1058 1639 ver0,
1082 1558 1288 1627 indifferentia
1307 1544 1415 1648 quum

340 1667 412 1747 sint,
427 1663 601 1732 secundum
617 1665 800 1753 opinionem
816 1663 985 1730 hominum
1000 1663 1153 1752 quaedam
1170 1663 1297 1752 quidem
1314 1663 1409 1744 bona,

338 1770 491 1862 quaedam
510 1787 616 1837 autem
635 1771 716 1836 mala
735 1771 852 1852 vocari,
870 1793 970 1858 quum
989 1770 1065 1837 nihil
1087 1788 1197 1837 natura
1216 1773 1337 1838 malum
1357 1774 1408 1841 sit.

408 1883 436 1945 6.
462 1877 565 1969 [WH.
590 1877 664 1959 XX,
688 1877 733 1970 4].
781 1879 845 1944 Alii
867 1901 943 1944 vero
975 1902 1014 1944 ex
1046 1879 1121 1966 ipsis
1144 1880 1269 1967 signant
1305 1898 1411 1946 caute·

340 1987 453 2053 riantes
477 2008 551 2051 suos
575 1984 743 2072 discipulos
767 1985 800 2050 in
823 1983 1047 2072 posterioribus
1078 1983 1216 2074 partibus
1239 1987 1409 2054 exstantiae

340 2092 465 2160 dextrae
489 2093 580 2158 auris.
593 2092 626 2146 (²)
671 2090 764 2158 Unde
783 2108 813 2157 et
836 2090 1074 2172 Marcellina,(³)
1089 2113 1168 2179 quae
1192 2091 1330 2158 Romam
1350 2091 1409 2158 sub

340 2245 507 2310 ἀποδοῦσαι
519 2247 556 2308 τὰ
567 2243 736 2329 δηλήματα,
752 2242 1054 2327 ἐλευθερωθήσονται
1069 2252 1122 2307 τοῦ
1138 2241 1246 2328 μηκέτι
1260 2241 1410 2328 γενέσθαι

339 2353 373 2419 ἐν
394 2351 520 2437 σώματι.

412 2479 439 2544 5.
460 2457 522 2522 Καὶ
538 2457 564 2520 εἰ
578 2459 633 2539 μὲν
648 2456 814 2542 πράσσεται
829 2454 901 2541 παρ’
913 2458 1012 2533 αὐτοῖς
1026 2459 1065 2520 τὰ
1079 2459 1171 2540 ἄθεα,
1187 2459 1240 2520 καὶ
1255 2458 1408 2543 ἔκθεσμα,

341 2567 393 2631 καὶ
408 2562 602 2649 ἀπειρημένα,
618 2564 679 2648 ἐγὼ
694 2565 751 2626 οῦκ
766 2565 802 2627 ἂν
817 2562 1016 2647 πιστεῦσαιμι.
1059 2561 1116 2627 Ἐν
1131 2563 1165 2626 δὲ
1179 2573 1241 2640 τοῖς
1255 2565 1410 2649 συγγράμ-

340 2693 430 2755 μασιν
452 2675 549 2734 aaron
572 2673 665 2746 οὓτως
687 2668 921 2755 ἀναγέγραπται,
940 2670 992 2732 καὶ
1011 2671 1096 2733 αὐτοὶ
1113 2673 1207 2746 οὕτως
1222 2669 1408 2754 ἐξηγοῦνται,

340 2783 390 2843 τὸν
414 2778 532 2863 Ἰησοῦν
563 2776 701 2861 λέγοντες
723 2777 755 2840 ἐν
777 2776 931 2862 μυστηρίῳ
959 2785 1019 2852 τοῖς
1050 2775 1201 2860 μαθηταῖς
1232 2778 1323 2841 αὐτοῦ
1354 2781 1409 2842 καὶ

340 2884 518 2964 ἀποστόλοις
547 2883 617 2950 κατ’
630 2885 704 2948 ἰδίαν
735 2884 945 2969 λελαληιιένοιι,
969 2885 1021 2947 καὶ
1050 2885 1158 2959 αὐτοὺς
1183 2880 1317 2964 ἀξιῶσαι,
1341 2893 1409 2960 τοῖς

340 2993 430 3072 ἀξίοις
452 2995 505 3056 καὶ
527 3002 586 3068 τοῖς
608 2989 799 3077 πειθομένοις
821 2999 916 3055 ταῦτα
937 2990 1141 3075 παραδιδόναι.
1195 2990 1253 3054 Διὰ
1279 2989 1408 3066 πίστεως

339 3103 397 3185 γὰρ
419 3100 472 3162 καὶ
493 3097 614 3182 ἀγάπης
635 3096 807 3175 σώζεσθαι·
831 3099 869 3160 τὰ
891 3096 925 3160 δὲ
947 3096 1039 3160 λοιπὰ
1057 3095 1205 3180 ἀδιάφορα
1224 3099 1306 3178 ὄντα,
1326 3102 1408 3160 κατὰ

339 3209 394 3290 τὴν
416 3202 505 3282 δόξαν
526 3213 584 3268 τῶν
610 3202 787 3288 ἀνθρώπων,
810 3213 853 3287 πη
877 3205 931 3287 μὲν
954 3201 1070 3287 ἀγαθὲι,
1094 3213 1138 3288 πη
1161 3205 1194 3267 δὲ
1217 3207 1302 3267 κακὰ
1324 3204 1408 3288 νομί-

340 3311 460 3394 ζεσθαι,
484 3311 603 3386 οὺδενὸς
625 3309 712 3393 φύσει
733 3319 831 3373 κακοῦ
854 3309 1050 3394 ὑπάρχοντος.

411 3419 439 3481 6.
465 3417 587 3481 Τούτων
609 3419 685 3494 τινὲς
707 3419 759 3479 καὶ
788 3416 1019 3502 καυτηριᾶιζουοι
1048 3420 1117 3493 τοὺς
1148 3416 1236 3492 ἰδῖοος
1265 3417 1408 3502 μαθητὰς

377 3569 419 3636 (1)
438 3567 523 3620 Pauca
538 3569 602 3620 haec
615 3584 709 3638 graece
722 3567 846 3638 leguntur
904 3587 917 3615 ιι
927 3567 960 3619 ad
982 3584 1071 3620 aream
1096 3568 1269 3638 purgandam,
1289 3584 1318 3620 ac
1344 3583 1407 3620 con·

341 3653 409 3723 apud
429 3651 576 3704 Tueooox.
596 3652 616 3716 1,
638 3667 659 3718 5.
904 3651 1045 3722 «gregabit
1072 3651 1190 3704 triticum
1221 3652 1248 3704 in
1272 3651 1407 3717 horreum,

377 3737 418 3804 (2)
438 3737 511 3789 Idem
531 3736 563 3789 dc
576 3736 616 3788 his
629 3737 708 3789 tradit
724 3737 845 3789 Hennes.
904 3737 1029 3806 «paleam
1049 3753 1113 3790 vero
1131 3737 1267 3790 comburet
1292 3737 1348 3807 igni
1367 3737 1408 3789 in-

341 3820 476 3891 apesin.
493 3819 558 3888 (ΕιΙ.
574 3819 677 3888 XXV):
693 3821 768 3884 «Qui
784 3820 846 3890 igne
904 3821 1104 3894 «exstinguibili
1115 3820 1138 3873 ''.
1176 3821 1241 3874 Eam
1258 3838 1354 3891 nempe
1373 3823 1408 3875 ob

344 3926 356 3954 α
367 3922 442 3958 aures
451 3921 543 3957 eorum
554 3905 734 3975 obsignarunt,
745 3905 789 3974 qui
799 3905 846 3956 liu·
904 3927 918 3956 a
928 3924 1033 3960 causam
1047 3908 1118 3977 quod
1130 3907 1247 3960 triticum
1259 3925 1274 3960 a
1285 3908 1358 3977 palea
1369 3907 1409 3959 di-

343 3990 436 4042 uiusce
446 3989 569 4058 baptismi
581 3991 620 4058 (in
639 3990 731 4059 spiritu
741 4001 766 4042 et
778 3989 846 4060 igni)
904 4011 917 4040 n
928 4003 1039 4055 scernet,
1048 3992 1099 4044 hoc
1110 4003 1148 4044 est
1158 3991 1189 4044 ab
1202 3991 1344 4044 indumento
1358 3997 1408 4043 ter-

343 4094 357 4123 ιι
367 4073 845 4144 sigillumacceperant;hocnimirum
905 4093 1009 4128 «reno»
1032 4087 1081 4129 etc.

344 4177 357 4208 u
368 4171 444 4229 pacto
454 4157 630 4228 intelligentes
641 4158 705 4210 illud
716 4159 846 4228 Apostoli:
937 4161 978 4228 (3)
998 4159 1090 4213 Eunu.
1105 4161 1122 4212 l.
1133 4178 1154 4212 c.
1164 4179 1169 4211 ι
1179 4161 1352 4226 anputatae
1368 4178 1408 4224 τις

345 4263 358 4290 α
368 4241 574 4295 “Ventilabrum
582 4243 654 4296 enim
666 4243 692 4295 in
703 4243 846 4296 manueius
901 4245 943 4296 bn'
957 4249 1043 4298 αὐτῶν
1059 4247 1245 4313 ἀπατηθεὶσα.
1257 4283 1282 4298 ..
1301 4249 1330 4297 ἐν
1346 4249 1410 4312 χρὸ-
