3172 5044
328 454 372 540 84
617 471 748 518 taenara
766 471 925 518 inversus
944 471 1098 517 naereses
1278 469 1323 538 [11‚
1343 484 1395 534 2-4

327 665 565 733 inenarrabilem
581 663 830 754 magnitudinem
847 664 982 732 custodit
998 666 1116 748 omnia,
1129 667 1315 733 occurrisset
1331 669 1396 732 rir-

327 773 394 838 tuti.
436 772 525 838 Hanc
544 787 648 837 autem
668 773 816 837 virtutem
833 788 863 837 et
879 772 991 838 Horon
1009 787 1171 853 vocant3a
1190 793 1251 859 qua
1271 769 1396 837 absten-

326 895 396 944 tum
419 895 449 945 et
472 877 706 959 confirmatum,
726 879 778 943 vix
801 900 964 944 reversum
987 879 1019 944 in
1043 879 1259 966 semetipsum,
1279 895 1309 944 et
1328 900 1395 944 cre·

326 985 453 1054 dentem
464 985 696 1072 iam,quoniam
709 982 1031 1072 incomprehensibilis
1044 1001 1091 1050 est
1101 984 1202 1064 Pater,
1211 982 1396 1071 deposuisse

327 1093 488 1179 pristinam
512 1091 719 1157 intentionem
743 1113 816 1156 cum
839 1114 886 1172 ea,
904 1113 982 1179 quae
1000 1089 1164 1172 acciderat,
1181 1092 1336 1178 passione,
1356 1115 1396 1157 ex

326 1197 377 1265 illa
400 1198 536 1285 stuporis
559 1196 774 1263 admiratione.

396 1323 424 1388 3.
455 1302 561 1393 [WH.
585 1301 613 1384 I,
642 1301 686 1392 5].
733 1302 874 1384 Quidam
907 1319 1010 1369 autem
1034 1305 1175 1392 ipsorum
1206 1305 1393 1372 huiusmodi

325 1411 503 1498 passionem
526 1427 556 1476 et
579 1411 792 1476 reversionem
817 1409 962 1498 Sophiae,
982 1411 1067 1476 velut
1093 1408 1230 1477 fabulam
1251 1429 1392 1478 narrant:

325 1515 554 1605 impossibilem
580 1533 610 1582 et
636 1514 986 1604 incomprehensibilem
1011 1538 1078 1583 rem
1103 1540 1173 1582 eam
1198 1540 1396 1606 aggressam,

325 1624 480 1711 peperisse
502 1622 706 1690 substantiam
732 1622 913 1704 informem,
937 1623 1061 1711 qualem
1089 1640 1235 1690 naturam
1263 1623 1395 1691 habebat

326 1727 440 1794 femina
453 1729 486 1781 (¹)
505 1750 627 1816 parere:
652 1729 684 1793 in
707 1751 801 1816 quarn
826 1751 900 1794 cum
919 1727 1111 1808 intendisset,
1132 1731 1235 1816 primo
1259 1728 1393 1816 quidem

325 1924 474 2011 μεγέθους
485 1925 681 2009 φυλασσούσῃ
696 1928 733 1988 τὰ
748 1925 806 1988 ὅλα
819 1924 965 2011 συνέτυχε
979 1924 1113 2008 δυνάμει.
1161 1921 1281 2009 Ταύτην
1295 1925 1329 1988 δὲ
1342 1929 1397 2008 τὴν

324 2031 444 2116 δύναμιν
463 2033 515 2095 καὶ
529 2030 623 2116 Ὀρον
637 2031 791 2114 καλοῦσιν,
807 2029 858 2114 ὑμ’
871 2035 906 2116 ἧς
922 2031 1117 2116 ἐπεσχῆοθαι
1134 2033 1187 2094 καὶ
1201 2031 1395 2116 ὲστηρίχθαι,

323 2140 376 2204 ιιαιΙ
398 2138 483 2223 μόγις
505 2137 722 2222 ἐπιστρέψαντα
744 2139 787 2215 εἰς
809 2137 926 2220 ἑαυτὸν,
950 2141 1004 2202 καὶ
1025 2136 1190 2202 πεισθέντα
1213 2141 1258 2202 ὅτι
1281 2137 1397 2202 ἀκατά-

325 2243 437 2330 ληπτὸς
455 2245 534 2309 ἐστιν
552 2245 569 2308 ὁ
588 2245 705 2329 Πατὴρ,
725 2242 900 2308 ἀποθέσθαι
921 2247 974 2328 τὴν
993 2243 1140 2330 προτέραν
1158 2245 1322 2330 ἐνθύμησιν
1339 2248 1396 2309 σὺν

324 2359 366 2436 τῷ
384 2350 586 2436 ἒπιγενομὲνιμ
605 2352 699 2414 πάθει
718 2351 755 2414 ἐκ
772 2359 825 2416 τοῦ
843 2350 1018 2436 ἐκπλάμιτου
1038 2352 1154 2416 ἐκείνου
1173 2353 1338 2435 θαύματος.

394 2479 421 2542 3.
441 2458 538 2523 Ἔνιοι
556 2459 589 2522 δὲ
607 2460 703 2522 αὐτῶν
721 2461 800 2522 οὕτω
818 2479 887 2534 πως
901 2461 935 2522 τὸ
953 2458 1053 2534 πάθος
1072 2469 1125 2543 τῆς
1143 2459 1256 2542 Σαμίας
1271 2461 1324 2522 καὶ
1339 2463 1394 2541 τὴν

325 2566 505 2649 ἐπιστροφὴν
529 2564 768 2649 μυθολογοῦσιν·
793 2563 929 2648 ἀδυνάτῳ
947 2567 1000 2628 καὶ
1017 2566 1223 2648 ἀκαταλήπτμ
1241 2565 1397 2650 πράγματι

325 2673 416 2754 αὐτὴν
439 2671 673 2754 ἐπιχειρήσασαν
690 2679 787 2734 τεκεῖν
807 2669 912 2732 οὐσίαν
935 2671 1079 2755 ἄμομφον,
1105 2674 1170 2734 οἵαν
1188 2673 1275 2754 φάσιν
1298 2673 1393 2755 ἔσμεν

324 2777 436 2862 θήλεια
457 2787 572 2842 τεκεῖν·
596 2780 634 2860 ἣν
655 2779 708 2840 καὶ
729 2775 971 2860 κατανοήσασα),
995 2787 1111 2863 πρῶτον
1135 2780 1189 2863 μὲν
1218 2778 1395 2862 λυπηθῆναι

324 2944 481 3002 conceptum
494 2931 521 2984 in
537 2931 698 2984 immensum
711 2932 831 2986 extendi-

324 3026 367 3068 tur
379 3013 437 3082 (cfr.
450 3033 471 3068 c.
486 3015 512 3083 3)
525 3015 566 3067 cui
580 3016 669 3085 utique
683 3015 760 3068 Pater
773 3016 831 3068 uni·

324 3116 461 3152 versorum
471 3101 605 3153 terminum
613 3101 719 3170 (Ὂμον)
730 3100 830 3153 indicit.

920 2933 1047 2986 Reversio
1065 2933 1178 3004 Sophiae
1202 2933 1275 2987 iuxta
1297 2934 1346 2986 hos
1366 2933 1395 2985 in

885 3018 935 3070 hoc
953 3029 991 3070 est
1011 3029 1038 3070 ut
1059 3018 1102 3070 illa
1127 3019 1196 3070 intra
1215 3018 1336 3072 Pleroma
1358 3019 1392 3070 sit

885 3113 1002 3154 retenta:
1021 3101 1208 3173 Enthymesim
1226 3118 1289 3154 vero
1309 3114 1335 3154 et
1350 3119 1393 3154 su·

324 3183 476 3238 Reflectitur
485 3185 527 3237 hic
535 3197 560 3238 et
570 3185 689 3238 doctrina
700 3185 831 3255 platonica

325 3269 425 3321 malum
438 3286 492 3322 non
506 3286 562 3322 esse
574 3269 624 3321 nisi
638 3287 670 3323 ex
683 3268 831 3322 deficientia

324 3352 428 3406 virtutis
439 3355 464 3405 in
475 3369 553 3405 causa
563 3351 708 3423 (Sapientia
718 3353 829 3423 incapax

325 3438 443 3508 Abyssi).
480 3436 535 3490 Csr.
559 3435 652 3508 fragm.
668 3436 737 3490 Vnt.
760 3438 828 3508 apud

324 3519 410 3573 Cran.
431 3520 523 3573 Seram.
543 3521 594 3574 111:
620 3541 633 3570 ιι
646 3533 748 3574 metum
768 3538 831 3574 con·

328 3617 476 3675 acceperunt
491 3605 597 3676 Angeli‚
610 3607 715 3676 quando
730 3605 831 3659 maiora

327 3691 504 3760 «eloquurum
523 3703 562 3743 est
579 3707 659 3761 quam
674 3707 741 3762 quae
760 3707 831 3743 crea-

328 3785 393 3827 atae
413 3774 450 3827 rei
469 3774 650 3840 convenirent,
668 3775 773 3828 liberius
793 3775 830 3828 lo·

328 3859 448 3930 aquendi
464 3871 568 3929 sumpta
583 3858 678 3912 fiducia
692 3860 724 3912 de
740 3876 772 3912 eo
784 3859 830 3929 qui

328 3943 517 3996 «invisibiliter
526 3943 634 3996 dederat
647 3943 670 3996 ei
684 3960 776 3996 semen
789 3961 831 3996 su-

329 4045 449 4098 apemae
473 4028 629 4081 essentiae»
651 4029 697 4096 (de
721 4027 830 4081 homine

324 4123 415 4166 tamen
425 4112 507 4181 dicta)
520 4111 576 4182 [cir.
588 4113 638 4165 alia
648 4113 717 4183 apud
726 4111 831 4176 Minna,

325 4196 355 4251 P.
372 4195 404 4250 G.
419 4196 478 4262 Vll,
501 4197 589 4266 1274].

886 3196 1040 3255 perventam
1065 3185 1214 3255 passionem
1236 3185 1396 3254 deposuerit,

886 3269 974 3339 utique
999 3281 1073 3321 extra
1097 3269 1226 3322 Pleroma.
1271 3268 1298 3321 ld
1324 3269 1395 3321 inse·

886 3369 967 3424 quens
994 3353 1084 3424 opinio
1110 3353 1191 3407 veluti
1216 3369 1262 3424 per
1289 3365 1394 3422 partum

885 3438 1068 3508 mythologice
1081 3455 1155 3490 more
1168 3449 1319 3491 concretam
1335 3438 1394 3490 red·

885 3521 922 3574 dit
950 3522 999 3590 (ita
1027 3521 1110 3575 intell.
1142 3522 1252 3574 «veluti
1273 3519 1404 3574 fabulam.

888 3617 1020 3659 «narrant
1031 3626 1043 3656 υ
1056 3631 1074 3651 =
1083 3607 1300 3674 μυθολογοῦσιν).

920 3693 962 3760 (ι)
972 3690 1088 3762 Nempe:
1103 3702 1132 3743 ut
1141 3691 1208 3743 solet
1222 3689 1320 3743 femina
1335 3689 1394 3742 sine

885 3777 1024 3847 complexu
1033 3775 1091 3828 viri.
1115 3774 1207 3829 Philas.
1217 3773 1264 3840 Vl,
1275 3789 1324 3844 30:
1340 3795 1354 3823 ιι
1365 3775 1393 3826 in

888 3879 901 3910 ιι
913 3860 1031 3931 ingenito
1043 3890 1060 3900 -
1070 3860 1144 3913 aiunt
1153 3890 1170 3898 -
1179 3859 1271 3912 omnia
1283 3871 1344 3912 sunt
1359 3859 1394 3911 si-

888 3963 902 3994 ιι
912 3946 977 4010 mul;
991 3945 1018 3997 in
1031 3943 1127 4015 genitis
1142 3960 1206 3996 vero
1219 3942 1317 3996 semina
1336 3943 1393 4012 qui-

889 4029 974 4083 adem
993 4041 1033 4082 est
1047 4045 1114 4100 quae
1133 4029 1264 4080 maurium
1284 4029 1393 4098 prolert,

889 4133 902 4162 ιι
912 4129 969 4165 mas
980 4125 1068 4166 autern
1079 4110 1393 4183 quisormamhuicdatu;

886 4197 929 4250 ubi
949 4195 1064 4250 influxus
1086 4195 1272 4249 Aristotelicae
1295 4193 1393 4247 doctri-
