3288 5060
213 423 448 494 (munituna
633 428 724 474 runa
747 427 863 476 armus

1217 431 1277 497 275

162 611 168 622 ’
212 619 369 702 insistunt,
393 621 580 707 semetipsos
613 618 833 687 adinventores
860 623 1040 705 sententiae,
1063 646 1283 713 quamcunque

213 727 439 814 compegerint,
469 743 657 793 enarrantes.
719 727 764 793 Ut
795 727 929 816 exempli
959 729 1057 818 gratia
1086 729 1239 813 dicamuS,
1266 754 1283 797 a

213 832 381 898 Saturnino
404 849 435 898 et
458 832 631 913 Marcione,
655 833 709 921 qui
732 849 885 899 vocantur
905 834 1168 918 continentesw
1190 835 1285 902 absti-

213 939 351 1004 nentiam
368 961 385 1003 a
401 939 516 1026 nuptiis
532 940 804 1020 annuntiaverunt,
824 937 1007 1008 frustrantes
1026 943 1186 1032 antiquam
1203 942 1283 1029 plas-

213 1045 386 1111 mationem
410 1044 481 1126 Dei,
497 1043 668 1134 etoblique
684 1061 865 1114 accusantes
883 1069 968 1128 eum,
987 1048 1086 1136 quiet
1106 1048 1281 1115 masculum

211 1168 242 1216 et
275 1150 426 1217 feminam
457 1151 496 1218 ad
525 1153 760 1240 generationem
790 1152 959 1220 hominum
987 1153 1078 1224 lecit:
1111 1171 1142 1221 et
1170 1178 1281 1220 eorum

211 1281 290 1345 quae
320 1256 466 1324 dicuntur
489 1259 568 1346 apud
592 1282 647 1326 eos
671 1260 817 1327 animalia
839 1261 1058 1330 abstinentiam
1083 1260 1281 1343 induxerunt,

211 1365 325 1452 ingrati
348 1366 530 1433 exsistentes
552 1367 581 1432 ei
604 1367 656 1454 qui
680 1369 788 1434 onmia
812 1365 885 1436 fecit
908 1368 989 1436 Deo.
1054 1366 1281 1437 Contradicunt

211 1493 336 1559 quoque
356 1473 422 1538 eius
447 1471 548 1553 saluti,
571 1474 623 1561 qui
640 1474 762 1560 primus
784 1474 956 1562 plasmatus
972 1493 1034 1542 est:
1059 1493 1089 1542 et
1113 1475 1173 1542 hoc
1197 1498 1280 1542 nunc

211 1575 412 1644 adinventum
445 1595 492 1645 est
522 1579 602 1667 apud
633 1579 744 1645 eos.(²l
804 1579 985 1648 Traianou)
1015 1580 1154 1670 quodam
1177 1582 1281 1669 primo

280 1791 361 1858 Ἀπὸ
384 1791 563 1878 Σατορνίνου
585 1795 637 1858 καὶ
653 1791 829 1880 Μαρκίωνος
852 1793 880 1860 οἱ
894 1794 1077 1879 καλούμενοι
1093 1793 1281 1879 Ἐγκρατεῖς,

213 1899 344 1984 ἀγαμίαν
367 1897 524 1984 ἐκήρυξαν,
549 1901 729 1978 ἀθετοῦντες
752 1903 806 1984 τὴν
828 1901 958 1986 ἀρχαίαν
980 1901 1091 1966 πλάσιν
1113 1911 1166 1966 τοῦ
1189 1901 1280 1983 Θεοῦ,

211 2008 262 2068 καί
283 2003 381 2091 ἠρέμα
404 2016 640 2092 κατηγοροῦντες
663 2015 715 2071 τοῦ
738 2007 828 2092 ἄρρεν
850 2010 902 2072 καί
927 2008 1009 2094 θῆλυ
1032 2010 1074 2086 είς
1095 2009 1213 2095 γένεσιν
1231 2013 1280 2074 ἀν-

211 2110 341 2196 θρώπων
356 2109 575 2196 πεποιηκότος·
613 2115 738 2176 καὶτῶν
754 2112 925 2199 λεγομένων
940 2114 1012 2199 παρ’
1022 2117 1120 2192 αὐτοῖς
1134 2117 1280 2202 ἐμψύχων

211 2219 331 2302 ἀποχην
349 2218 559 2303 είσηγήοαντο,
575 2220 808 2304 ἀχαριστοῦντες
826 2229 868 2304 τῷ
886 2221 984 2286 πάντα
1003 2220 1181 2306 πεποιηκότι
1199 2221 1278 2308 Θεῷ.

213 2322 421 2410 Ἀνττλὲχουσί
443 2347 476 2390 τε
499 2336 536 2409 τη
553 2335 606 2390 τοῦ
624 2327 862 2412 πρωτοπλίιστου
880 2328 1029 2413 σωτηρίᾳ·
1049 2331 1102 2393 καὶ
1121 2339 1211 2395 τοῦτο
1229 2341 1280 2395 νῦν

210 2431 353 2518 ἐξευρέθη
377 2431 449 2519 παρ’
462 2435 570 2510 αὐτοῖς.
619 2432 767 2498 Τατιίινου
781 2438 859 2512 τινὸς
878 2433 1001 2520 πρώτως
1023 2437 1133 2520 ταύτην
1151 2437 1279 2523 εἰσενέγ-

245 2635 287 2700 (ι)
304 2633 412 2687 Nomen
431 2634 481 2687 hoc
494 2635 546 2705 (gr.
559 2635 716 2702 Ἐγκρατιῖς

208 2732 254 2770 seu
264 2715 427 2784 Encratitae)
438 2734 580 2772 commune
593 2719 716 2772 omnibus

771 2647 832 2688 vat:
863 2648 980 2690 ceterum
1006 2637 1157 2692 huiusmodi
1176 2640 1280 2710 saepius

770 2732 910 2773 occurrunt
923 2721 1005 2774 etiam
1024 2723 1051 2774 in
1067 2723 1201 2793 scripturis
1216 2741 1279 2794 apo-

208 2801 253 2870 qui
272 2819 286 2853 a
306 2801 370 2854 cibis
392 2803 558 2867 animalibus,
577 2821 593 2856 a
612 2804 716 2873 potibus

208 2884 406 2951 inebriantibus,
418 2899 444 2940 et
457 2887 575 2940 maxime
587 2904 602 2940 a
615 2888 716 2940 sexuali

209 2969 400 3024 commixtione
415 2970 597 3024 abhorrerent.
636 2971 716 3026 Tales

209 3065 270 3106 ante
283 3051 421 3107 Christum
437 3053 715 3126 suissegymnosophi·

209 3148 261 3188 stas
277 3135 367 3190 Indiae
386 3140 428 3191 vel
452 3138 561 3210 cynicos
586 3137 715 3192 Caeneus

209 3220 263 3290 ipse
277 3221 385 3288 (δίτονα.
405 3223 424 3287 l,
444 3224 487 3290 15)
500 3235 526 3276 et
539 3223 615 3276 Ηινν.
632 3223 716 3294 [ΙΙΙΙΙ,

210 3317 243 3356 20
255 3305 297 3356 ubi
308 3305 438 3376 quaedam
452 3323 484 3358 err
492 3305 559 3359 Iren.
567 3295 713 3377 mutuatur]

209 3388 461 3443 animadverterunt.
492 3389 584 3462 Neque
593 3391 714 3446 Naziraei

209 3473 249 3525 uel
268 3471 377 3528 Essaeni
396 3475 463 3528 alios
478 3492 566 3529 mores
581 3475 714 3530 fovebant.

208 3555 302 3610 Primis
320 3557 453 3612 Ecclesiae
472 3562 633 3631 temporibus
648 3563 715 3615 tales

208 3641 338 3695 exstitisse
351 3644 423 3696 viros
436 3657 508 3714 patet
523 3661 555 3698 ex
569 3646 588 3699 Ι.
603 3645 652 3699 Tit.
668 3646 714 3711 IV,

210 3739 233 3792 3,
252 3723 277 3778 6.
314 3726 465 3798 Tamquam
478 3729 511 3782 de
523 3731 629 3800 speciali
643 3743 714 3784 secta

207 3826 252 3879 per
283 3811 379 3864 lulium
407 3811 564 3866 Cassianum
591 3816 714 3868 docetam

207 3891 328 3959 florente,
342 3897 458 3967 loquitur
469 3897 598 3951 Cernens
610 3899 713 3967 [δίτονα.

208 3977 252 4044 ΙΙΙ,
285 3994 325 4048 13,
360 3997 399 4052 19,
430 3983 476 4052 92]
508 3983 552 4053 qui
584 3999 616 4035 ex
645 3983 713 4037 illius

206 4079 285 4134 opere
305 4071 364 4136 περί
383 4066 574 4135 ἑγκρατείαςῆ
593 4074 652 4133 περὶ
671 4073 714 4121 du·

205 4152 314 4216 νουχίας
338 4150 354 4202 l.
381 4167 402 4203 c.
431 4151 481 4204 tria
509 4165 631 4222 excerpta
660 4170 713 4206 ser-

770 2805 886 2876 cryphis‚
916 2807 1070 2876 praesertim
1102 2807 1204 2878 Evang.
1226 2809 1279 2860 Ae-

769 2889 932 2960 gyptiorum,
954 2891 1037 2942 Actus
1055 2891 1187 2956 Andreae,
1206 2891 1279 2946 Tho-

770 2989 838 3036 mae,
853 2973 987 3026 Iohannis.
1024 2973 1079 3028 Clr.
1091 2973 1183 3027 Errerr.
1200 2975 1278 3030 Haer.

769 3071 812 3124 47.
841 3056 881 3110 De
891 3059 1199 3129 encratitisgnosticis
1212 3075 1278 3114 vero

770 3142 820 3193 alia
831 3159 885 3195 non
896 3143 1030 3196 novimus.
1042 3142 1098 3197 Csr.
1107 3143 1169 3197 Eus.
1178 3143 1224 3208 IV,
1238 3159 1276 3214 19.

806 3229 847 3294 (2)
866 3227 937 3280 Haec
959 3227 1079 3281 doctrina
1107 3230 1140 3283 de
1167 3230 1277 3282 damna·

768 3311 842 3363 tione
862 3311 968 3376 Adami,
988 3312 1031 3382 qui
1047 3313 1146 3383 primus
1175 3326 1277 3367 creatus

769 3407 808 3448 est
828 3407 853 3448 et
872 3409 950 3466 caput
967 3396 1014 3450 suit
1029 3398 1208 3451 damnationis
1222 3415 1277 3452 non

769 3491 825 3532 tam
843 3481 963 3550 gnostica
979 3498 1057 3551 quarn
1074 3498 1136 3535 vere
1148 3482 1276 3535 encratita

769 3575 816 3616 est.
859 3563 1001 3618 Gnosticus
1031 3565 1104 3618 enim
1135 3583 1204 3630 eurn,
1232 3567 1276 3637 qui

769 3660 907 3718 praecepta
923 3647 1022 3702 labveh
1040 3661 1218 3721 transgressus
1237 3668 1277 3703 es-

768 3742 817 3793 set,
827 3732 859 3784 ad
870 3731 954 3784 sidera
966 3723 1112 3786 extolleret.
1140 3732 1194 3786 Csr.
1206 3751 1276 3788 max.

768 3832 792 3867 c.
813 3815 901 3882 XXX,
923 3831 947 3887 9.

803 3903 846 3968 (3)
866 3901 990 3954 Irenaeus
1009 3902 1107 3972 primus
1123 3913 1162 3954 est
1182 3902 1225 3972 qui
1245 3903 1277 3955 de

767 3983 883 4038 Tatiano
915 4003 977 4057 syro
1008 4003 1160 4039 sennonem
1188 3985 1276 4050 saciat,

768 4082 847 4140 atque
866 4087 896 4122 ea
916 4087 982 4141 quae
997 4071 1030 4123 de
1045 4071 1091 4123 illo
1107 4082 1211 4123 enarrat
1225 4071 1278 4122 sin-

767 4155 1199 4226 gulariaprorsusetmagnipretii
1208 4166 1277 4208 sunt.
