3274 5100
339 417 401 501 368

627 438 755 484 lRENAEl
779 437 939 483 ADVERSUS
963 437 1118 484 Haereses

1249 433 1333 503 [xm
1354 433 1407 501 a-7

336 630 409 696 dem
436 628 665 697 substitutionis
694 630 783 696 initia
813 652 895 696 esse:
923 629 1017 696 altera
1046 646 1151 695 autem
1172 629 1357 695 sensationis
1377 645 1408 694 et

337 736 539 803 substantiae:
560 733 728 823 exquibus
749 737 859 824 primis
879 739 988 803 omnia
1007 736 1142 824 perfecta
1160 734 1278 816 dicunt,
1296 759 1409 823 quem-

336 840 509 908 admodum
529 857 663 907 statuam
682 841 720 907 de
744 859 924 908 aeramento
944 841 1031 910 etde
1051 841 1291 908 formatione.(¹)
1335 843 1406 908 Hoc

337 965 441 1014 autem
465 946 498 1013 hi
522 949 561 1014 iis
584 949 636 1034 qui
661 963 733 1013 sunt
757 964 844 1014 extra
866 949 1012 1014 Pleroma
1040 964 1232 1035 aptaverunt.
1294 949 1409 1014 Sensa-

336 1054 431 1118 tionis
454 1069 559 1118 autern
584 1053 669 1118 initia
689 1051 844 1135 dixerunt,
864 1055 896 1119 in
915 1075 1008 1140 quem
1034 1076 1145 1119 sensus
1164 1053 1341 1140 intelligens
1359 1068 1408 1118 est

337 1160 404 1226 eius
427 1156 512 1247 quod
535 1160 673 1247 primum
698 1177 894 1248 assumptum
918 1177 975 1240 est,
994 1162 1114 1247 quaerit
1132 1158 1334 1248 quoadusque
1352 1157 1408 1225 de-

339 1266 463 1354 fatigata
486 1265 523 1332 ad
547 1288 647 1332 unum
667 1283 697 1332 et
721 1265 908 1332 indivisibile
928 1266 1143 1332 concurrat.(²)
1189 1267 1227 1332 Et
1247 1289 1315 1332 esse
1335 1289 1408 1332 om-

337 1375 426 1438 nium
451 1375 586 1454 initium,
611 1389 641 1438 et
664 1372 869 1439 substantiam
893 1375 1056 1440 uniuersae
1079 1375 1289 1461 generationis
1322 1374 1405 1454 Hen,

336 1480 381 1562 <id
405 1496 451 1546 est
475 1481 617 1564 Unum>:
650 1504 686 1547 ex
711 1480 771 1547 hoc
795 1498 899 1547 autem
931 1480 1142 1568 Dyadem‚.et
1167 1480 1350 1562 Tetradem,
1374 1497 1406 1546 et

337 1586 519 1669 Pentadem,
531 1604 561 1652 et
573 1588 766 1674 reliquorum
778 1585 980 1653 multifariam
994 1587 1279 1674 generationem.(³)
1319 1587 1405 1653 Haec

373 1803 415 1869 (1)
434 1799 490 1854 lam
505 1817 537 1852 ex
551 1811 614 1852 nota
628 1800 794 1870 praecedenti
806 1800 842 1852 vi·

340 1886 427 1938 dimus
445 1885 641 1953 oppositionem
661 1885 730 1937 inter
742 1897 843 1937 utrum-

338 1987 397 2039 que,
410 1973 424 2020 ό
437 1971 496 2033 νοῦς
511 1980 537 2022 et
550 1971 564 2020 ό
578 1972 673 2034 ὁρατὸς
685 1973 793 2034 κόσμος,
807 1969 842 2020 ita

338 2053 467 2122 perhiberi
487 2055 560 2123 quasi
584 2053 700 2123 primum
719 2057 750 2106 τό
767 2070 843 2121 ποιη-

337 2141 410 2190 τικὸν
422 2142 468 2190 καί
486 2141 585 2189 εἰδικόν
599 2138 645 2190 sit:
660 2137 676 2189 i.
690 2154 712 2189 e.
727 2138 842 2189 activum

338 2232 363 2272 et
379 2219 498 2283 formale,
511 2220 623 2273 alterum
638 2237 702 2274 vero
715 2232 742 2272 ut
755 2223 844 2288 παθη-

337 2309 411 2358 τικόν
426 2309 455 2358 τέ
470 2310 517 2358 καί
531 2308 624 2358 όλικόν
644 2305 765 2358 videlicet
787 2321 843 2374 pas-

338 2390 423 2442 sivum
437 2402 463 2442 et
477 2390 626 2442 materiale:
642 2389 703 2442 hinc
722 2389 843 2459 quamvis

337 2474 429 2527 nullibi
454 2485 547 2539 exstet,
566 2475 721 2544 metaphora
741 2485 843 2526 statuae

337 2570 473 2628 tamquam
493 2577 524 2610 es
549 2571 703 2611 aeramento
726 2560 843 2624 (ὑλικόν)

338 2655 363 2696 et
384 2661 415 2696 ex
435 2643 594 2697 formatione
610 2645 733 2710 (εἰδικόν)
753 2660 843 2712 reapse

338 2729 421 2781 menti
444 2729 637 2799 Pythagoricae
659 2729 788 2798 congruit.
807 2759 842 2765 -

337 2813 478 2866 Caeterum
492 2812 537 2865 csr.
552 2814 684 2865 Arrrsaor.
700 2813 759 2864 Met.
770 2816 803 2877 A,
816 2827 842 2878 5:

338 2897 458 2950 Ἐοίναοι
478 2900 549 2961 δ’ὡς
576 2901 610 2950 ἐν
639 2901 722 2964 bitae
755 2900 843 2950 εῖδει

337 2985 371 3034 τά
399 2989 518 3050 στοιχεῖα
542 2986 652 3035 τάττειν.
691 2985 724 3034 ἐν
742 2985 842 3034 τούτων

337 3070 389 3137 γὰρ
408 3070 443 3130 ὡς
462 3071 664 3134 ἐνυπαρχόντων
689 3070 843 3119 συνεστάναι

337 3156 383 3202 καί
404 3153 607 3204 πόπλαοόαι
625 3155 673 3218 τὴν
687 3154 786 3204 οϋοιαν.

374 3237 416 3301 (2)
436 3235 595 3288 Purroraos
615 3253 655 3306 ap.
671 3235 751 3288 Sroe.
768 3234 788 3300 1,
803 3253 841 3304 pr.

337 3319 418 3372 corol.
441 3333 463 3387 3,
489 3320 565 3372 docet
589 3336 649 3372 eam
673 3319 778 3372 numeri
802 3320 843 3371 vis

337 3421 394 3457 esse
413 3417 438 3457 et
458 3417 552 3456 natura
571 3415 598 3456 ut
618 3403 842 3474 incognitionem

337 3489 415 3541 ducat
443 3489 567 3559 cuiusque
595 3489 666 3541 dubii
695 3500 720 3541 et
749 3488 843 3557 ignoti,

337 3584 465 3642 quatenus
490 3589 586 3643 nempe
613 3589 705 3625 sensus
732 3589 787 3624 non
815 3571 842 3623 in

337 3657 425 3726 aliquo
444 3657 518 3709 sistat
539 3674 651 3710 numero
676 3657 720 3709 sed
740 3673 842 3721 omnes,

337 3758 390 3794 uno
409 3754 554 3812 assumpto,
572 3757 662 3794 causas
678 3741 782 3794 numeri
798 3759 841 3793 ex-

336 3827 422 3896 quirat
441 3843 521 3896 usque
541 3826 618 3878 adid
638 3827 707 3896 quod
727 3826 841 3896 primum

336 3922 362 3963 et
398 3911 583 3980 incorporeum
621 3923 660 3962 est
698 3910 840 3979 perveniat.

337 3995 404 4047 Hinc
419 3995 520 4048 nemini
535 3995 596 4064 quid
616 3993 786 4046 manifestum
804 3991 816 4044 f
831 4024 841 4033 -

336 4091 384 4142 ret,
395 4095 442 4132 nec
453 4079 610 4132 intrinsecus
620 4096 705 4149 neque
714 4077 841 4130 extrinse-

336 4180 390 4225 cus,
399 4163 448 4215 nisi
459 4180 585 4215 numerus
598 4175 623 4216 et
637 4163 739 4216 numeri
755 4175 841 4215 easta-

898 1811 936 1852 ret
955 1799 1111 1864 substantia,
1127 1816 1206 1869 quam
1223 1799 1329 1869 quidem
1349 1799 1406 1870 ipse

896 1883 1009 1936 omnino
1024 1883 1051 1936 in
1067 1884 1169 1936 unitate
1185 1884 1262 1948 sistit,
1275 1895 1406 1953 quatenus

897 1985 994 2038 nempe
1020 1971 1092 2041 ἀρχὴ
1110 1971 1216 2021 πάντων
1235 1973 1265 2020 ab
1284 1971 1326 2020 ἓν·
1363 1969 1404 2020 En

898 2052 952 2104 eius
977 2053 1069 2106 verba:
1098 2055 1221 2119 Propertii
1248 2056 1300 2119 γάρ
1324 2056 1342 2104 όι
1366 2059 1404 2105 τῶ

898 2139 1002 2203 ἀριθμῶ
1026 2142 1073 2189 καὶ
1095 2141 1244 2204 ἡγεμονικά
1267 2143 1313 2190 καί
1332 2142 1405 2191 διδα-

898 2221 1015 2274 cantiae
1024 2229 1062 2273 τῶ
1072 2225 1244 2291 άπορουμένω
1251 2225 1348 2286 παντός
1358 2226 1405 2274 καί

897 2307 1067 2371 ἀγνοουμένων
1077 2305 1166 2358 παντί·
1177 2309 1208 2358 ob
1218 2309 1269 2376 γάρ
1279 2309 1311 2372 ῆς
1321 2307 1406 2372 δῆλον

897 2393 985 2443 οὐδενὶ
1001 2395 1079 2444 οὐδὲν
1093 2398 1146 2443 τῶν
1161 2395 1322 2462 πραγμάτων
1341 2393 1405 2443 οὔτε

897 2478 984 2527 αὐτῶν
1002 2475 1068 2527 καθ’
1079 2479 1154 2539 αὑτὰ,
1175 2478 1236 2528 οὔτε
1251 2477 1327 2528 ᾰλλω
1338 2477 1405 2540 πρὸς

897 2561 967 2612 ἀλλο
977 2565 1015 2613 εἰ·
1025 2564 1061 2628 μὴ
1072 2563 1104 2627 ῆς
1114 2563 1226 2627 ἀριθμός
1235 2565 1282 2612 καὶ
1292 2563 1309 2612 ό
1318 2563 1403 2613 τούτω
1467 2568 1469 2572 “

898 2643 988 2697 ουσία·
1008 2647 1051 2696 νῦν
1071 2647 1102 2698 ot
1121 2648 1198 2707 οὖτος
1213 2648 1298 2696 αατάν
1314 2649 1404 2711 ψυχάν

898 2732 1020 2798 ἁρμόζων
1044 2731 1169 2796 αἰσθήσει
1192 2733 1279 2781 πάντα
1297 2732 1405 2795 γνωστά

897 2819 943 2864 ναι
961 2817 1098 2884 ποτάγορα
1110 2815 1241 2876 ἀλλάλοις
1253 2817 1325 2866 κατὰ
1337 2816 1405 2878 γνω-

897 2913 976 2962 μονος
990 2900 1066 2967 φόοιν
1078 2900 1258 2964 ἀπεργάζεται
1274 2900 1404 2963 σωμάτων

896 2985 943 3032 καὶ
961 2985 1060 3044 στάζων
1078 2983 1138 3045 τοῦς
1157 2981 1255 3048 λόγους
1274 2984 1404 3044 ἑκάστους

896 3070 949 3116 τῶν
961 3069 1122 3135 πραγμάτων
1131 3071 1184 3117 τῶν
1193 3069 1224 3118 τό
1234 3069 1348 3132 ἀπείρων
1357 3070 1404 3118 uari

897 3155 949 3202 τῶν
968 3153 1154 3214 περαινόντων.
1165 3180 1200 3188 -
1210 3149 1278 3202 Hinc
1295 3162 1403 3219 putave-

898 3235 948 3287 rim
972 3237 1093 3289 tenebras
1117 3235 1195 3289 huius
1222 3235 1323 3289 irenaei
1351 3236 1404 3288 loci

897 3318 991 3371 discuti
1009 3335 1094 3388 posse,
1113 3321 1164 3372 hoc
1189 3335 1286 3388 nempe
1310 3335 1403 3372 sensu:

897 3402 1059 3473 Principium
1078 3403 1199 3456 omnium
1224 3419 1317 3456 eorum
1336 3419 1404 3474 quae

896 3488 944 3539 snb
963 3505 1041 3540 sensu
1060 3487 1157 3541 cadunt
1172 3488 1236 3540 illud
1256 3505 1338 3540 unum
1358 3505 1402 3540 seu

897 3573 1055 3626 indivisibile
1080 3573 1170 3626 dicunt
1193 3589 1259 3638 esse,
1283 3573 1311 3625 in
1332 3573 1402 3642 quod

897 3675 972 3710 mens
997 3660 1125 3725 (διάνοια)
1149 3658 1231 3710 veluti
1260 3657 1403 3726 defatigata

897 3742 1036 3812 requiescit
1060 3743 1092 3795 ad
1117 3743 1181 3795 iliud
1206 3759 1346 3813 assurgens
1371 3742 1403 3794 ab

896 3827 937 3878 his
957 3843 1023 3896 quae
1041 3826 1129 3896 primo
1142 3825 1275 3895 intelligit.
1302 3824 1342 3877 'ln
1362 3825 1404 3877 his

896 3909 1007 3962 fortasse
1017 3909 1050 3961 ir,
1061 3913 1172 3978 ζήτησιν
1182 3907 1296 3980 Sophiae,
1310 3908 1329 3973 l,
1340 3923 1368 3970 rr,
1379 3923 1403 3970 2,

895 4011 1038 4065 agnoscere
1057 3995 1121 4046 uult.

931 4081 972 4145 (3)
991 4077 1045 4130 Cir.
1063 4089 1130 4131 auct.
1146 4089 1172 4130 et
1185 4077 1258 4130 locos
1277 4093 1342 4147 quos
1364 4088 1402 4128 at·

894 4163 1003 4216 tulimus
1023 4181 1046 4233 p.
1068 4161 1127 4232 367,
1146 4174 1201 4215 not.
1223 4175 1245 4230 3.
