3274 5100
349 457 412 524 320
615 457 743 504 taetram
767 458 927 504 anteusus
951 458 1105 505 nneneses
1290 456 1347 527 [1v,
1367 473 1416 526 r-3

347 675 425 718 esse.
473 650 533 718 Sed
558 650 583 716 si
607 647 735 738 quidem
751 651 906 718 emissum
923 670 970 719 est
985 674 1132 734 vacuum,
1150 675 1268 718 vacuus
1282 669 1331 720 est
1346 675 1421 741 pro-

348 759 426 825 lator
450 775 480 824 et
502 758 700 839 Valentinus,
725 759 815 824 vacui
839 775 869 824 et
892 775 1062 826 sectatores
1085 760 1162 826 eius.
1174 759 1208 813 (Ι)
1254 761 1287 828 Si
1311 776 1416 826 autem

347 890 412 933 non
427 867 584 955 prolatum
608 883 665 946 est,
686 866 739 932 sed
763 889 833 932 ase
857 884 1040 955 generatum
1063 885 1125 948 est;
1149 885 1179 934 et
1202 869 1305 934 simile
1321 887 1368 935 est
1387 885 1418 935 et

348 973 518 1040 fraternum
543 990 572 1039 et
596 972 737 1040 eiusdem
753 973 894 1056 honoriS,
913 974 943 1041 id
963 973 1047 1062 quod
1064 991 1111 1040 est
1126 997 1272 1056 vacuum,
1289 977 1317 1040 ei
1333 976 1418 1042 Patri

348 1081 401 1170 qui
425 1079 599 1168 praedictus
628 1096 710 1147 esta
735 1079 923 1147 Valentino:
951 1082 1108 1170 antiquius
1131 1097 1237 1148 autem
1261 1098 1292 1148 et
1316 1081 1418 1148 multo

348 1205 419 1253 ante
445 1188 607 1269 exsistens,
636 1204 666 1253 et
692 1185 950 1254 honorificentius
975 1188 1102 1277 reliquis
1129 1186 1291 1256 Aeonibus
1321 1190 1418 1277 ipsius

348 1293 522 1360 Ptolemaei
545 1309 575 1360 et
599 1292 852 1374 Heracleonis,(²l
874 1309 904 1359 et
927 1294 1054 1383 reliquis
1074 1292 1223 1361 omnibus
1238 1295 1291 1384 qui
1308 1293 1417 1362 eadem

348 1401 526 1486 opinantur.

415 1526 444 1572 2.
470 1507 501 1572 Si
526 1521 630 1572 autem
654 1521 685 1571 et
708 1507 838 1593 aporiati
847 1505 881 1560 (ἲ)
904 1507 936 1572 in
960 1505 1008 1571 his
1032 1505 1237 1573 confiteantur
1256 1507 1418 1574 continere

348 1612 455 1678 omnia
479 1611 605 1678 Patrem
628 1612 787 1691 omnium,
811 1627 842 1677 et
865 1628 950 1677 extra
969 1612 1117 1678 Pleroma
1135 1636 1204 1680 esse
1227 1613 1303 1679 nihil
1325 1613 1417 1702 (nam

346 1719 515 1784 necessitas
539 1734 585 1784 est
608 1719 698 1784 omni
722 1716 820 1784 modo
843 1716 965 1785 definiri
989 1742 1061 1785 eum
1086 1737 1116 1785 et
1140 1717 1354 1786 circumscribi
1379 1718 1417 1785 ab

347 1826 451 1914 aliquo
475 1827 622 1915 maiore),
646 1842 676 1891 et
700 1825 730 1892 id
750 1826 834 1912 quod
858 1843 942 1893 extra
967 1842 997 1893 et
1020 1827 1103 1915 quod
1121 1829 1215 1910 intus,
1234 1828 1338 1895 dicere
1362 1851 1417 1894 eos

348 1933 520 2000 secundum
545 1935 738 2022 agnitionem
772 1949 801 2000 et
831 1935 1051 2022 ignorantiam,
1076 1936 1129 2002 sed
1154 1959 1218 2002 non
1242 1935 1417 2002 secundum

348 2041 481 2106 localem
503 2041 743 2119 distantiam;(⁴)
766 2042 798 2107 in
818 2041 997 2109 Pleromate
1013 2061 1129 2124 autem,
1144 2043 1195 2110 vel
1218 2045 1252 2110 in
1271 2043 1319 2110 his
1338 2067 1417 2134 quae

348 2148 547 2213 continentur
562 2170 579 2212 a
596 2147 697 2228 Patre,
714 2145 793 2212 lacta
809 2169 826 2212 a
844 2147 1021 2236 Demiurgo
1040 2167 1092 2216 aut
1116 2149 1154 2215 ab
1179 2151 1307 2238 angelis,
1324 2173 1419 2238 quae-

347 2277 482 2342 cumque
506 2271 536 2319 et
560 2251 639 2320 facta
659 2255 788 2334 scimus,
812 2256 965 2321 contineri
990 2253 1026 2322 ab
1046 2255 1244 2323 inenarrabili
1259 2258 1419 2345 magnitu-

347 2359 430 2442 dine,
453 2362 539 2427 velut
562 2362 595 2426 in
618 2361 736 2427 circulo
760 2377 916 2442 centrum,
940 2379 993 2428 aut
1015 2363 1100 2429 velut
1125 2365 1157 2429 in
1181 2364 1285 2429 tunica
1309 2385 1418 2430 macu-

348 2467 473 2534 lamzl⁵l
497 2468 601 2555 primo
619 2465 747 2554 quidem
771 2467 871 2554 qualis
895 2466 1017 2554 Bythus
1032 2470 1090 2534 erit
1109 2471 1266 2536 sustinens
1290 2471 1322 2540 in
1346 2470 1416 2535 sinu

347 2595 405 2638 suo
433 2573 589 2639 maculam
613 2571 690 2652 fieri,
726 2589 756 2637 et
779 2573 962 2661 permittens
988 2574 1020 2638 in
1047 2575 1112 2639 suis
1138 2574 1270 2641 alterum
1305 2597 1417 2662 quem-

346 2679 419 2746 dam
435 2679 569 2746 condere
592 2680 643 2746 vel
666 2677 816 2767 proferre,
838 2696 957 2766 praeter
974 2703 1063 2746 suam
1084 2697 1226 2747 mentem
1244 2679 1328 2769 quod
1346 2682 1418 2769 qui-

381 2842 424 2908 (1)
453 2841 569 2893 Attende
597 2840 700 2910 saepius
729 2839 756 2892 in
784 2838 852 2892 Iren.

346 2925 497 2978 huiusmodi
512 2925 589 2977 unius
600 2925 636 2978 rei
651 2925 693 2976 vel
703 2924 853 2994 argumenti

347 3011 517 3080 repetitiones
529 3010 628 3075 haberi,
638 3011 707 3081 quod
721 3026 853 3062 nonnum·

346 3111 425 3164 quam
450 3094 633 3147 confusionem
657 3105 682 3147 et
709 3093 853 3146 obscurita-

346 3192 401 3232 tem
421 3179 514 3248 gignit.

383 3265 425 3333 (2)
436 3263 603 3316 Primumhic
611 3264 749 3316 exhibetur
759 3261 854 3314 utrius-

346 3365 396 3417 que
421 3347 503 3400 ltalae
525 3349 630 3402 scholae
650 3347 769 3417 magistri
790 3363 853 3399 con-

349 3432 460 3484 iunctio.
495 3431 549 3485 Cfr.
570 3433 682 3486 Hunos.
703 3432 793 3486 Philos.
808 3431 854 3496 Vl,

348 3532 390 3586 29,
404 3531 448 3584 3o;
464 3517 506 3569 Ps.
521 3516 661 3570 Tenrutt.
678 3531 698 3583 5.
737 3517 766 3569 ln
780 3533 853 3587 prae-

348 3618 407 3653 sens
426 3619 490 3654 vero
509 3613 697 3671 argumentum
706 3600 805 3671 fragrat.
821 3598 853 3667 36

348 3702 392 3737 seu
413 3685 523 3755 exposit.
543 3685 571 3738 in
591 3686 651 3738 lon.
667 3683 739 3750 Vlll,
758 3698 798 3750 50,
811 3701 851 3754 ap.

347 3768 430 3821 Ome.
451 3776 522 3821 tract.
543 3785 576 3835 ²4
595 3772 621 3822 in
637 3769 766 3822 loannem.

382 3859 423 3922 (3)
443 3854 462 3906 l.
482 3871 505 3907 e.
533 3853 643 3917 confusi,
659 3854 730 3917 victi,
755 3854 787 3905 ad
807 3869 853 3904 an·

346 3939 446 4007 gnstias
457 3938 564 4004 redacti,
578 3950 606 3990 ut
619 3939 722 4008 saepius
736 3948 813 3990 antea
827 3949 853 3990 et

346 4023 422 4075 infra.

382 4111 423 4177 (4)
443 4108 462 4160 l.
476 4125 511 4161 e.:
531 4107 551 4160 si
564 4107 690 4160 haeretici
709 4105 853 4159 confitean-

346 4203 388 4244 tur
419 4204 493 4244 extra
522 4191 607 4244 Deum
636 4191 703 4243 nihil
735 4208 800 4256 esse,
828 4203 853 4243 et

907 2843 976 2892 intra
996 2858 1026 2893 ac
1044 2847 1115 2894 extra
1135 2841 1257 2894 Pleroma
1282 2858 1309 2894 se
1329 2842 1416 2894 dicere

908 2941 962 2977 non
991 2925 1097 2996 quidem
1125 2926 1270 2978 secundum
1302 2925 1416 2978 localem

908 3009 1070 3074 distantiam,
1083 3009 1129 3062 sed
1148 3009 1338 3080 metaphorice,
1352 3027 1416 3080 qua-

907 3105 984 3147 tenus
999 3111 1095 3164 nempe
1105 3093 1148 3164 qui
1159 3095 1281 3164 ignorant
1293 3094 1416 3146 videntur

908 3179 981 3251 quasi
1006 3186 1079 3231 extra
1106 3179 1248 3231 consilium
1275 3178 1326 3232 Dei
1349 3195 1416 3244 esse,

908 3265 951 3334 qui
970 3280 1035 3316 vero
1053 3263 1139 3316 sciunt
1155 3263 1229 3334 quasi
1245 3265 1322 3316 intra.
1361 3261 1416 3317 Csr.

908 3365 964 3418 cap.
985 3347 1017 3411 V,
1041 3362 1056 3399 2
1080 3346 1134 3410 lin,
1155 3347 1198 3400 ubi
1218 3347 1312 3400 eadem
1334 3363 1416 3416 oppo

907 3433 969 3486 sitio
995 3432 1119 3485 occurrit.
1141 3463 1176 3470 —
1195 3433 1232 3484 At
1251 3433 1279 3484 in
1299 3431 1347 3484 hac
1366 3432 1417 3502 hy-

907 3517 1012 3587 pothesi
1031 3515 1151 3569 Gnostici
1174 3515 1261 3568 dicent
1280 3516 1308 3568 in
1327 3515 1417 3568 Plero-

908 3612 980 3653 mate
1000 3599 1104 3654 realiter
1119 3615 1176 3652 esse
1194 3598 1370 3668 Demiurgum
1390 3608 1417 3651 et

908 3685 1016 3754 angelos
1036 3695 1062 3736 et
1081 3683 1210 3736 mundum
1226 3699 1319 3735 eorum
1335 3681 1417 3734 factu-

907 3785 974 3832 ram,
994 3767 1063 3838 quod
1082 3768 1212 3820 absonum
1228 3777 1253 3820 et
1274 3765 1416 3818 absurdum

908 3869 965 3905 esse
985 3869 1056 3922 seqq.
1076 3851 1201 3905 ostendit.

943 3938 987 4007 (5)
1018 3936 1204 4007 Metaphoram
1237 3937 1334 3988 harricus
1369 3952 1417 4006 pro

908 4021 1059 4074 Pleromate
1071 4021 1186 4074 vidimus
1199 4021 1281 4074 etiam
1296 4020 1315 4084 l,
1335 4034 1374 4084 111,
1390 4033 1414 4086 33

908 4105 972 4157 Iarbas
1004 4115 1092 4158 autern
1130 4103 1301 4176 Enthymesis
1338 4120 1417 4174 saepe

908 4190 977 4242 dicta
997 4203 1045 4242 est.
