3238 5090
349 445 413 529 438
638 463 766 510 innuant
790 461 952 507 anveasus
977 461 1133 507 naereses
1209 458 1345 528 [xxi-'nt
1370 475 1422 528 5·7

348 657 493 744 regimini
520 679 537 722 a
563 653 654 722 vobis
685 657 772 743 ipsis,
801 653 886 743 quod
917 677 1018 742 neque
1049 655 1196 735 humana,
1227 677 1284 721 nec
1311 654 1423 723 divina

350 765 512 830 noveritis.

419 873 448 936 6.
473 869 650 950 Quouono
674 869 829 936 Douruus
852 889 1012 942 Quarum
1031 888 1197 935 concrum
1216 869 1326 935 Parnr.
1376 868 1423 934 Ir-

348 973 571 1042 rationabiliter
594 990 699 1039 autem
718 971 827 1053 inflati,
851 973 1008 1040 audaciter
1030 973 1247 1040 inenarrabilia
1267 975 1327 1040 Dei
1347 997 1422 1060 my-

350 1083 442 1148 steria
465 1081 545 1147 scire
574 1100 633 1146 vos
656 1079 775 1159 dicitis;
806 1077 1061 1168 quandoquidem
1094 1098 1124 1146 et
1157 1081 1327 1160 Dominus,
1352 1081 1420 1168 ipse

349 1188 447 1254 Filius
469 1187 541 1260 Dei,
565 1187 670 1274 ipsum
702 1185 808 1252 iudicii
839 1183 922 1252 diem
954 1203 985 1252 et
1015 1187 1127 1252 horam
1158 1187 1314 1253 concessit
1337 1187 1419 1252 scire

348 1294 453 1360 solum
486 1293 623 1374 Patrem,
655 1291 819 1358 manifeste
841 1291 965 1358 dicens:
993 1319 1008 1355 u
1024 1293 1073 1358 De
1096 1291 1145 1359 die
1172 1309 1278 1359 autem
1301 1292 1362 1372 illa,
1388 1309 1420 1358 et

351 1426 366 1462 a
383 1400 459 1466 hora
475 1421 571 1466 nemo
587 1400 671 1478 scit„
682 1449 703 1464 ..
721 1420 822 1486 neque
838 1398 945 1481 Filius,
961 1400 1021 1464 nisi
1046 1393 1138 1464 Pater
1154 1399 1239 1465 solus
1251 1425 1282 1463 a.
1294 1399 1328 1452 (¹)
1385 1399 1417 1465 Si

347 1507 443 1594 igitur
467 1507 629 1573 scientiam
653 1504 713 1572 diei
730 1504 814 1572 illius
831 1503 927 1571 Filius
943 1528 1009 1572 non
1027 1504 1151 1571 erubuit
1169 1505 1285 1572 referre
1304 1505 1340 1572 ad
1358 1505 1421 1572 Pa-

347 1631 439 1695 trem,
463 1612 517 1681 sed
540 1611 616 1679 dixit
638 1611 723 1700 quod
747 1635 859 1678 verum
882 1627 939 1694 est,
963 1634 1064 1698 neque
1096 1634 1155 1678 uos
1183 1611 1417 1692 erubescamus,

347 1738 513 1810 quaesunt
528 1722 561 1786 in
576 1717 811 1808 quaestionibus
831 1719 950 1786 maiora
973 1717 1148 1786 secundum
1164 1741 1234 1801 nos,
1258 1741 1418 1786 reservare

348 1830 428 1895 Dee.
464 1829 570 1895 Nemo
587 1827 673 1892 enim
689 1849 780 1914 super
796 1826 983 1913 magistrum
999 1842 1055 1892 est.
1063 1826 1097 1880 (²)
1135 1825 1239 1916 [WH.
1252 1824 1357 1906 XLII,
1370 1825 1417 1916 4].

348 1936 466 2021 Siquis
483 1935 586 2023 itaque
608 1933 701 1999 nobis
719 1931 849 2000 dixerit:
874 1930 1052 2014 Quomodo
1068 1956 1145 2021 ergo
1163 1932 1260 1999 Filius
1276 1933 1417 2021 prolatus

348 2065 366 2108 a
382 2042 472 2107 Patre
489 2043 557 2107 est?
580 2038 715 2108 dicimus
731 2041 770 2121 ei,
794 2041 864 2129 quia
883 2041 1091 2127 prolationem
1116 2042 1220 2123 istam,
1240 2041 1306 2107 siue
1321 2064 1418 2128 gene-

348 2149 514 2228 rationem,
547 2148 613 2212 sive
645 2148 922 2235 nuncupationem,
953 2147 1019 2212 sive
1050 2147 1336 2235 adapertionem,(³)
1363 2164 1417 2214 aut

346 2253 486 2342 quolibet
508 2255 579 2341 quis
602 2255 732 2320 nomine
756 2254 914 2320 vocaverit
937 2255 1174 2340 generationem
1202 2254 1270 2320 eius
1293 2255 1418 2320 inenar-

346 2359 476 2426 rabilem
492 2362 705 2440 exsistentem,
720 2382 816 2426 nemo
833 2361 936 2441 novit3
956 2383 1020 2425 non
1037 2360 1233 2441 Valentinus,
1249 2383 1313 2426 non
1331 2361 1418 2427 Mar·

346 2469 430 2550 cion,
446 2490 546 2555 neque
563 2469 758 2548 Saturninus,
774 2488 875 2554 neque
889 2465 1049 2548 Basilides,
1069 2489 1170 2554 neque
1186 2467 1299 2553 angeli,
1315 2490 1416 2555 neque

346 2575 534 2663 archangeli,
557 2598 658 2663 neque
689 2575 889 2662 principatuS,
912 2595 1013 2661 neque
1043 2590 1222 2661 potestates,
1245 2575 1304 2639 nisi
1329 2575 1417 2640 solus

345 2682 399 2770 qui
421 2681 582 2770 generauit
606 2680 707 2760 Pater,
731 2695 761 2744 et
779 2679 833 2767 qui
857 2696 1017 2746 natusest
1043 2678 1149 2745 Filius.
1195 2679 1415 2746 Inenarrabilis

345 2786 447 2875 itaque
470 2786 630 2873 generatio
650 2786 716 2851 eius
731 2808 831 2872 quum
851 2786 902 2864 sit,
917 2786 1108 2874 quicumque
1125 2787 1266 2851 nituntur
1285 2808 1419 2873 genera-

345 2892 447 2958 tiones
470 2908 501 2958 et
523 2891 714 2979 prolationes
745 2913 899 2972 enarrare,
923 2915 988 2958 non
1013 2909 1085 2957 sunt
1108 2908 1272 2979 compotes
1296 2893 1355 2974 sui,
1380 2917 1416 2959 ea

345 3020 424 3084 quae
447 2996 664 3064 inenarrabilia
688 3013 770 3077 sunt,
801 3019 943 3064 enarrare
966 2998 1194 3085 promittentes.
1251 2998 1417 3079 Quoniam

346 3105 432 3170 enim
456 3127 493 3170 ex
516 3105 705 3192 cogitatione
728 3120 758 3170 et
774 3125 867 3169 sensu
884 3102 1016 3170 verbum
1041 3105 1204 3184 emittitur,
1227 3103 1287 3170 hoc
1300 3107 1416 3192 utique

346 3234 458 3277 omnes
482 3212 584 3278 sciunt
608 3211 764 3276 homines.
810 3211 887 3277 Non
909 3233 986 3298 ergo
1009 3233 1162 3298 magnum
1185 3209 1258 3297 quid
1286 3212 1417 3278 invene-

346 3332 429 3398 runt,
459 3319 514 3404 qui
544 3317 730 3382 emissiones
761 3317 1028 3404 excogitaverunt,
1062 3339 1163 3404 neque
1194 3316 1414 3384 absconditum

382 3513 424 3578 (1)
444 3512 534 3564 Mane.
551 3512 610 3576 XII,
629 3527 671 3582 32,
685 3513 730 3564 sed
747 3529 801 3565 non
814 3512 853 3565 in·
907 3511 982 3582 vnit}
1020 3511 1137 3565 Attende
1160 3529 1240 3583 quam
1268 3513 1321 3566 alte
1344 3512 1414 3567 lren.

344 3607 427 3666 tegre,
441 3607 469 3648 ut
485 3613 538 3649 vox
551 3613 625 3666 aeque
638 3609 741 3648 servata
757 3597 852 3648 innuit.
906 3597 958 3650 hoc
977 3597 1135 3668 mysterium
1151 3609 1300 3662 veneretur,
1312 3597 1346 3652 de
1360 3613 1415 3669 quo

343 3677 383 3731 Ex
402 3680 453 3732 hoc
472 3679 541 3732 lren.
561 3681 620 3733 loco
636 3697 690 3732 non
710 3681 853 3750 probantur
907 3697 941 3734 ne
956 3697 1056 3734 nomen
1069 3681 1175 3752 quidem
1188 3681 1300 3744 invenit,
1315 3682 1414 3735 nedum

343 3779 411 3834 quae
439 3763 558 3817 Hunos.
589 3763 685 3817 Comm.
709 3767 735 3817 in
761 3765 851 3817 attauh.
907 3765 1059 3834 analogiam
1070 3764 1265 3836 theologicam!
1300 3764 1355 3819 Nec
1369 3767 1414 3818 illa

342 3846 432 3899 XXIV
443 3847 474 3900 de
484 3847 620 3901 additione
631 3849 772 3901 verborum
783 3869 796 3897 u
807 3865 852 3901 ne·
906 3849 1078 3902 usitatissima
1098 3849 1166 3918 apud
1186 3848 1302 3903 Graecos
1321 3849 1414 3904 Patres

346 3949 360 3978 u
369 3945 419 3999 que
433 3929 534 3982 Filius»
551 3930 582 3982 ab
596 3929 703 3982 Arianis
723 3928 791 3982 lacta
811 3947 852 3982 su·
906 3950 973 4003 quae
992 3932 1096 3985 ducitur
1114 3950 1146 3986 ex
1165 3933 1308 3987 emissione
1329 3933 1414 3987 nostri

344 4013 466 4083 spiratur.
906 4017 978 4070 verbi
999 4033 1030 4070 ex
1050 4029 1149 4082 mente,
1174 4016 1283 4070 Irenaeo
1308 4017 1414 4088 probari

378 4097 793 4165 (2)Marra.X,24;LueV1,
808 4113 851 4164 40.
906 4101 1018 4154 videtur.
1059 4099 1113 4153 Csr.
1138 4101 1165 4154 in
1190 4101 1240 4154 hoc
1264 4101 1322 4171 ipso
1346 4102 1414 4155 libro

380 4183 754 4251 (ς)ἡκλῆσινῆάνακὰλυψιν
766 4182 851 4252 [Hart-
905 4199 953 4249 un,
974 4199 1002 4248 2;
1022 4197 1081 4250 xm,
1100 4199 1123 4248 2,
1139 4183 1168 4248 8;
1188 4197 1266 4250 xxix,
1289 4199 1299 4253 3
1321 4197 1371 4238 etc.
