3288 5060
354 427 421 474 200
646 426 774 474 {RENAEI
799 427 958 473 ADVERSUS
982 425 1137 473 HAERESES
1321 421 1393 494 [XV.
1406 439 1422 476 2

351 623 496 702 tentatio,
514 636 544 687 et
569 619 647 686 facta
667 636 713 686 est
733 620 902 701 octonatio,
922 643 959 685 ex
979 641 1039 706 qua
1063 641 1229 707 progressa
1252 634 1299 684 est
1316 617 1422 686 decas:

352 729 397 794 sic
422 727 539 794 factum
563 744 609 793 est
632 748 721 794 xum.
769 727 871 793 Decas
890 728 994 815 itaque
1017 725 1160 792 adiuncta
1183 727 1377 792 octonationi
1393 743 1424 793 et

351 834 517 922 decuplam
534 856 604 899 eam
617 831 744 914 faciem,
760 853 846 899 Lxxx
862 831 934 899 fecit
950 854 1136 898 numerum:
1150 847 1181 898 et
1194 853 1300 897 rursus
1316 848 1425 899 octua-

352 942 419 1028 gies
442 939 545 1006 decies
569 939 823 1027 octingentorum
847 961 1015 1004 numerum
1039 936 1112 1004 fecit
1136 953 1170 1004 ut
1193 938 1233 1005 sit
1256 940 1424 1005 universus

351 1047 513 1112 literarum
538 1068 689 1112 numerus
714 1044 752 1111 ab
774 1045 975 1112 octonatione
993 1045 1026 1110 in
1045 1043 1195 1112 decadem
1220 1044 1423 1133 progrediens

352 1169 425 1220 octo
445 1171 474 1218 et
494 1153 672 1240 octuaginta
690 1168 720 1218 et
745 1173 829 1218 uccc
847 1151 931 1240 quod
950 1167 997 1218 est
1016 1151 1114 1217 Iesus,
1153 1151 1240 1217 Iesus
1260 1153 1346 1217 enim
1364 1175 1424 1218 no-

353 1283 426 1325 men
450 1257 624 1326 secundum
644 1260 836 1326 Graecarum
860 1259 1020 1324 literarum
1039 1275 1224 1345 computum
1246 1279 1331 1324 uccc
1351 1275 1423 1325 sunt

353 1385 506 1432 Lxxxvm.
515 1365 549 1418 (¹)
594 1363 699 1430 Habes
723 1363 887 1430 manifeste
910 1381 939 1431 et
964 1365 1198 1452 supercaelestis
1221 1365 1290 1430 Iesu
1312 1387 1424 1431 secun-

351 1471 429 1538 dum
454 1493 509 1537 eos
535 1472 674 1559 genesin.
718 1471 920 1559 Quapropter
945 1487 975 1537 et
1000 1472 1029 1536 A
1059 1469 1128 1535 B(²)
1149 1472 1344 1538 Graecorum
1368 1471 1424 1536 ha-

352 1575 424 1644 bere
452 1576 605 1644 monadas
636 1595 720 1658 octe,
740 1593 771 1642 et
800 1575 931 1644 decadas
958 1597 1023 1657 vm,
1054 1593 1085 1643 et
1113 1575 1333 1644 hecatontadas
1357 1596 1422 1656 vm,

353 1704 582 1751 uccctxxxvm
613 1705 782 1749 numerum
814 1681 1018 1764 ostendentia,
1047 1682 1108 1748 hoc
1137 1699 1195 1761 est,
1226 1682 1343 1763 Iesum,
1369 1683 1422 1770 qui

353 1808 399 1858 est
422 1815 461 1857 ex
484 1789 632 1858 omnibus
656 1807 802 1857 constans
826 1791 983 1857 numeris:
1009 1807 1038 1856 et
1061 1807 1186 1879 propter
1211 1789 1270 1856 hoc
1295 1792 1324 1856 A
1344 1791 1421 1856 etQ

353 1899 511 1964 nominari
530 1921 615 1978 eum,
631 1920 731 1986 quum
747 1895 901 1986 significet
924 1920 962 1963 ex
986 1897 1134 1965 omnibus
1156 1898 1224 1964 eius
1247 1899 1424 1985 generatio-

353 2029 438 2072 nem.
485 2005 524 2071 Et
543 2006 656 2071 iterum
676 2005 731 2071 ita:
751 2006 870 2092 primae
888 2005 1143 2092 quaternationis,
1158 2004 1331 2070 secundum
1351 2026 1424 2092 pro-

352 2223 462 2303 γατρδς
481 2215 581 2304 τρόπῳ
599 2218 755 2304 προῆλθεν
774 2220 794 2303 ἡ
813 2217 938 2304 δευτέρα
955 2223 1069 2303 τετρὰς,
1093 2222 1145 2283 καὶ
1163 2219 1283 2305 ἐγένετο
1302 2219 1422 2303 δγδσδς,

354 2324 386 2402 ἐξ
401 2328 437 2410 ἠς
451 2325 589 2410 προῆλθε
605 2324 714 2402 text<-
731 2329 824 2402 οὕτως
839 2324 959 2410 ἐγένετο
974 2325 1065 2401 δεκὰς
1080 2328 1133 2390 καὶ
1147 2325 1266 2410 δγδοόις.
1314 2325 1354 2390 Ἥ
1371 2327 1425 2388 οὖν

354 2434 445 2509 δεκὰς
464 2433 705 2496 ἐπισυνελθοῠσα
721 2443 757 2516 τῇ
774 2432 905 2516 δγδσὰδι,
921 2434 974 2496 καὶ
989 2433 1212 2497 δεκαπλασίονα
1227 2435 1320 2520 αὐτὴν
1338 2432 1422 2515 ποιή-

354 2561 446 2621 σασα,
465 2543 516 2603 τδν
534 2548 591 2602 τῶν
609 2539 794 2623 ὁγδοήκοντα
812 2537 1008 2624 προτβίβασεν
1027 2535 1173 2624 ἀριθμὸν·
1192 2541 1245 2602 καὶ
1263 2542 1300 2603 τὰ
1315 2539 1423 2622 δγδοή·

354 2669 446 2710 κοντα
459 2646 550 2710 πᾶλιν
562 2647 845 2726 δεκαπλασιασασα,
862 2649 912 2710 τὸν
926 2655 985 2710 τῶν
1000 2645 1186 2710 ὀκτακοσίων
1197 2645 1327 2731 αριθμὸν
1343 2645 1423 2729 ὲγέν-

354 2773 459 2836 νησεν·
489 2753 568 2816 ὥστε
594 2753 667 2815 εἶναι
692 2755 743 2816 τδν
770 2755 889 2816 ἅπαντα
914 2760 972 2815 τῶν
998 2751 1181 2837 γραμμάτων
1206 2753 1337 2837 ἀριθμὸν
1363 2754 1423 2815 ἀπὸ

354 2857 498 2941 ὀγδοάδος
512 2859 553 2934 εἰς
569 2857 683 2923 δεκάδα
698 2858 897 2944 προελθόντα,
910 2880 929 2942 η
945 2859 998 2921 καὶ
1011 2880 1035 2922 π
1049 2860 1102 2921 καὶ
1116 2878 1152 2939 ω,
1164 2860 1181 2922 ὃ
1197 2859 1277 2922 ἐστιν
1293 2856 1423 2943 Ἰησοῦς.

357 2963 402 3028 Τὸ
425 2967 485 3049 γὰρ
507 2962 627 3049 Ἰησοῦς
654 2967 750 3048 ὄνομα
776 2967 856 3029 κατὰ
878 2968 928 3028 τὸν
951 2965 1065 3040 ἐντοῖς
1094 2965 1266 3050 γράμμασιν
1295 2962 1425 3049 ἀριθμὸν

355 3071 435 3136 ἔσαν
453 3073 621 3136 ὀκτακόσια
636 3071 822 3156 ὀγδοήκοντα
834 3069 923 3135 tntu.
963 3070 1070 3157 Ἔχεις
1083 3080 1189 3155 σαφῶς
1203 3075 1256 3135 καὶ
1271 3074 1323 3156 τὴν
1335 3072 1424 3154 ὑπερ-

356 3177 490 3262 ουρῖτνιον
520 3187 572 3242 τοῦ
596 3177 699 3262 Ἰησοῦ
729 3175 799 3240 κατ’
816 3179 922 3253 αὐτοὺς
943 3176 1069 3261 γένεσιν.
1116 3178 1169 3242 Διὸ
1188 3179 1241 3240 καὶ
1258 3180 1308 3241 τδν
1327 3177 1424 3259 ἀλφά-

357 3284 446 3370 βητον
461 3295 519 3347 τῶν
532 3283 689 3368 Ἑλλήνων
704 3286 787 3369 ἔχειν
803 3283 931 3367 μονάδας
946 3284 1035 3363 batth,
1052 3285 1104 3348 καὶ
1119 3284 1248 3360 δεκάδας
1263 3285 1353 3366 ὀκτὼ,
1372 3285 1424 3347 καὶ

357 3391 557 3466 ἑκατοντάδας
571 3392 660 3470 ὀκτὼ,
677 3392 730 3474 τὴν
748 3399 807 3454 τῶν
822 3389 1007 3454 ὀκτακοσίων
1026 3391 1211 3475 ὁγδοήκοντα
1229 3393 1309 3456 ὀκτὼ
1324 3391 1424 3474 ψῆφον

356 3495 589 3576 ἐπιδεικνὺοντα,
612 3495 745 3561 τουτέστι
767 3500 819 3560 τον
843 3495 961 3581 Ἰησοῦν
984 3501 1035 3562 τὸν
1058 3499 1095 3561 ἐκ
1111 3497 1236 3568 ,πάντων
1253 3507 1424 3562 συνεστῶτα

356 3611 417 3666 τῶν
439 3603 586 3687 ἀριθμῶν.
634 3603 696 3666 Καὶ
712 3603 760 3666 διὰ
773 3613 862 3666 τοῦτο
884 3602 968 3687 ἄλφα
990 3607 1042 3668 καὶ
1056 3626 1081 3669 ω
1096 3605 1300 3690 ὀνομάζεσθαι
1324 3606 1423 3686 αὐτὸν,

357 3711 410 3792 τὴν
434 3709 470 3772 ἐκ
498 3709 616 3773 παντων
633 3709 750 3794 γένεσιν
780 3709 970 3794 σημαίνοντα.
1019 3713 1081 3776 Καὶ
1109 3712 1199 3776 πάλιν
1229 3715 1340 3789 οὕτως·
1372 3721 1424 3794 τῆς

395 3901 436 3967 (1)
457 3897 510 3952 Csr.
531 3917 554 3968 p.
578 3899 635 3970 189,
655 3911 710 3953 not.
733 3916 756 3953 1.
920 3901 1006 3964 cadas,
1026 3901 1042 3953 8
1062 3917 1125 3954 vero
1144 3903 1311 3955 centenarios
1332 3917 1424 3954 nume·

395 3985 437 4050 (2)
456 3983 476 4035 I.
491 3998 514 4036 τ.
534 3983 713 4052 alphabetum,
737 3995 866 4054 quatenus
921 4002 964 4038 ros
983 3985 1113 4039 indicant:
1142 4003 1205 4040 nam
1232 3987 1283 4040 tria
1310 3983 1425 4052 ἐπίσημα

359 4059 440 4121 etiam
456 4084 582 4121 numeros
596 4080 788 4137 repraesentat:
802 4085 865 4120 nam
920 4085 1010 4140 reapse
1022 4070 1115 4124 literae
1128 4071 1262 4126 semiticae
1275 4083 1344 4135 sunt,
1355 4071 1425 4123 ideo·

359 4151 395 4204 ibi
414 4168 447 4205 ex
468 4166 500 4216 24
520 4151 603 4205 literis
622 4151 638 4204 8
657 4153 779 4218 unitates,
792 4152 808 4206 8
822 4153 866 4206 de·
920 4171 971 4224 que
990 4171 1004 4206 a
1023 4155 1125 4224 graecis
1144 4155 1238 4209 aliena.
