3238 5090
223 481 360 548 (xxxvl,
382 483 466 552 3-4)·]
620 485 710 532 arsen
732 485 896 530 secuuuus

1223 485 1285 552 423

222 678 338 745 terialia
362 680 522 746 sinistram
536 679 570 733 (¹)
592 696 752 759 vocantes,
782 696 813 746 et
836 703 874 746 ex
901 681 1085 748 necessitate
1112 704 1190 769 quae
1218 699 1290 748 sunt

222 784 364 850 sinistrae
395 786 429 850 in
459 787 693 874 corruptionem
719 783 829 852 cedere
858 784 1008 868 dicenteS,
1036 803 1067 852 et
1094 787 1289 854 Salvatorem

223 892 346 957 venisse
364 890 402 958 ad
426 913 522 958 ovem
544 891 708 979 perditam,
731 909 765 960 ut
787 916 858 960 eam
881 892 1046 962 transferat
1073 893 1110 961 ad
1138 893 1290 976 dextram,

223 995 253 1062 id
276 1014 322 1063 est
341 996 379 1064 ad
403 999 471 1065 illas
494 1021 573 1086 quae
596 1016 669 1065 sunt
692 999 801 1065 salutis
824 1000 993 1088 nonaginta
1012 1017 1043 1066 et
1065 1023 1183 1068 novem
1203 1024 1289 1084 oves,

222 1125 301 1189 quae
324 1127 390 1171 non
419 1106 587 1192 perierunt,
611 1104 664 1172 sed
691 1107 723 1172 in
758 1105 835 1172 ovili
864 1123 1114 1193 permanserunt,
1147 1108 1291 1174 sinistrae

224 1232 336 1275 manus
364 1212 548 1277 exsistentes
576 1212 719 1278 levamen
734 1210 767 1265 (²)
789 1235 853 1278 non
885 1235 953 1278 esse
979 1213 1087 1278 salutis
1114 1215 1291 1281 consentire

223 1339 276 1382 eos
300 1339 427 1383 necesse
451 1333 507 1384 est.
555 1318 593 1384 Et
616 1317 676 1384 hoc
699 1317 784 1407 quod
807 1340 872 1384 non
895 1319 1038 1384 similiter
1061 1319 1209 1386 eumdem
1232 1345 1291 1387 nu-

224 1444 346 1488 merum
379 1421 481 1505 habet,
506 1440 658 1512 cogentur
681 1424 834 1504 sinistrae,
857 1422 886 1490 id
911 1441 957 1490 est
981 1426 1192 1512 corruptionis
1215 1449 1291 1492 con-

223 1527 316 1596 fiteri:
333 1545 365 1595 et
379 1529 440 1597 hoc
452 1551 571 1597 nomen
585 1529 669 1618 quod
682 1553 792 1618 graece
803 1529 918 1597 dicitur
931 1558 947 1594 «
957 1532 1104 1620 Agapen‚
1118 1532 1290 1600 secundum

224 1635 418 1702 Graecorum
443 1637 557 1718 literas,
580 1660 634 1725 per
657 1660 734 1726 quas
757 1634 837 1726 apud
861 1659 916 1704 eos
939 1640 1117 1727 supputatio
1141 1641 1290 1728 signatur,

223 1743 392 1829 nonaginta
404 1759 434 1808 et
447 1759 510 1810 tres
522 1765 691 1810 numerum
712 1740 838 1825 habena,
851 1744 1152 1820 similitersinistrae
1169 1768 1291 1826 manus,

223 1847 367 1914 levamen
391 1865 452 1916 est:
476 1867 506 1916 et
532 1877 548 1912 a
566 1849 690 1917 Alethia
710 1876 726 1912 u
743 1873 868 1940 quoque
888 1852 1032 1917 similiter
1048 1851 1221 1919 secundum
1240 1876 1291 1918 su-

223 1953 394 2042 pradictam
419 1957 573 2022 rationem
597 1958 756 2044 sexaginta
778 1973 910 2046 quatuor
930 1981 1098 2025 numerum
1115 1956 1243 2040 habens,
1259 1961 1292 2026 in

222 2079 306 2149 parte
330 2063 539 2129 materialium
564 2060 721 2130 subsistit:
740 2080 771 2130 et
793 2065 901 2130 omnia
920 2065 1053 2131 omnino
1076 2087 1291 2155 quaecumque

242 2273 299 2338 -(1)
319 2270 373 2325 Cir.
393 2272 413 2338 l,
429 2287 457 2336 tt,
479 2289 487 2326 1
507 2270 698 2344 (p.106);vt,
718 2289 727 2326 r
788 2274 921 2342 tuamen)
947 2274 1072 2340 salutisa,
1096 2278 1130 2328 τὰ
1153 2279 1292 2342 ἀριστερὰς

222 2357 730 2428 (p.114)etxvt,1,2(p.209et213).

256 2439 297 2510 (2)
316 2440 437 2495 Gnostici
456 2443 599 2495 docebant:
617 2442 730 2495 salutem

221 2542 276 2576 non
294 2542 351 2578 esse
367 2526 417 2578 nisi
436 2526 463 2578 in
483 2525 582 2578 dextris
596 2525 731 2597 (spiritua-

221 2610 310 2676 libus),
330 2610 506 2679 perditionem
528 2627 593 2663 vero
611 2625 731 2663 necessa·

222 2693 288 2746 riam
300 2695 327 2747 in
340 2693 454 2747 sinistris
466 2692 568 2758 haberi,
578 2711 608 2746 ac
622 2695 732 2764 proinde

222 2779 357 2831 sinistrum
373 2795 440 2844 esse,
453 2781 525 2833 idem
538 2779 685 2832 existimari
701 2796 731 2831 ac

222 2863 313 2916 salutis
332 2863 604 2916 subtractionem.
637 2863 731 2915 Adhuc

224 2960 312 3020 autem
325 2948 445 3002 sinistros
458 2966 515 3003 esse
529 2965 623 3001 omnes
639 2965 731 3000 nume·

224 3049 363 3102 rususque
383 3033 415 3086 ad
431 3047 498 3086 xc1x
511 3033 573 3103 quia
591 3031 620 3084 hi
638 3047 731 3084 omnes

223 3115 329 3168 sinistra
357 3133 438 3169 manu
469 3116 580 3169 indicari
612 3116 732 3168 solebant

224 3198 282 3266 (cst.
298 3217 322 3270 p.
343 3198 403 3265 216,
422 3213 477 3254 not.
501 3203 536 3268 r).
555 3231 590 3238 —
608 3199 732 3252 Irenaeus

224 3283 362 3356 impugnat
376 3284 552 3338 necessariam
568 3301 600 3338 ex
616 3283 657 3336 his
669 3300 733 3336 con·

223 3369 398 3438 sequentiam,
416 3369 442 3421 lr.
462 3385 485 3422 e.
506 3369 554 3421 sub
581 3383 647 3422 xctx
675 3385 732 3421 esse

224 3452 295 3505 idem
314 3453 405 3506 haberi
429 3469 460 3505 ac
483 3453 575 3506 salutis
600 3452 733 3506 subtra-

224 3537 385 3592 ctionem.
431 3537 468 3589 Ut
492 3537 519 3589 id
544 3537 662 3590 obtineat
681 3536 733 3607 pri·

224 3637 298 3674 mum
308 3635 503 3675 commemorat
513 3636 579 3674 xctx
591 3637 654 3674 oves
666 3635 734 3691 quae

223 3707 314 3776 utique
332 3707 421 3759 salvae
436 3717 511 3758 erant
527 3722 576 3758 nec
592 3706 733 3776 perierant,

224 3805 253 3840 ac
264 3801 402 3858 propterea
415 3789 494 3841 simul
503 3788 626 3841 sinistrae
638 3805 732 3840 manus

224 3873 383 3926 exsistebant
414 3873 475 3943 quia
506 3887 589 3936 xc1x3
625 3873 733 3926 dextrae

224 3974 288 4011 vero
309 3958 370 4028 quia
398 3958 497 4012 salutis.
513 3958 627 4010 —Hinc
655 3958 734 4027 plane

224 4043 357 4096 concludit
376 4042 543 4096 «convenire
562 4059 608 4095 eos
627 4059 734 4096 necesse

228 4147 240 4174 a
251 4137 289 4178 εει
303 4143 410 4196 eaquae
423 4126 546 4179 sinistrae
555 4143 650 4178 manus
664 4138 733 4191 sunt,

228 4231 240 4256 υ
251 4227 305 4263 non
317 4227 374 4263 esse
386 4211 612 4280 privationem
626 4215 684 4277 (seu
697 4210 734 4263 le·

784 2360 873 2424 χειρὸς
891 2361 954 2410 ὄντα
972 2359 1113 2428 (interpres
1132 2359 1159 2411 id
1178 2358 1292 2412 reserens

785 2441 818 2493 ad
834 2443 1017 2496 antecedentia
1031 2447 1150 2509 πρόβατα
1165 2461 1211 2498 seu
1226 2461 1291 2508 oves,

785 2526 955 2596 probabiliter
982 2531 1065 2594 errat)
1090 2527 1232 2596 ἀφαὶρησιν
1255 2533 1290 2596 μὴ

785 2613 852 2662 εἶναι
869 2617 917 2678 τῆς
936 2610 1074 2678 σωτηρίας.
1087 2643 1122 2650 -
1135 2612 1204 2665 Dein
1229 2629 1292 2666 vero

785 2695 835 2746 alia
854 2695 978 2748 salutaria
996 2697 1107 2750 nomina
1129 2713 1293 2750 commemo-

784 2797 854 2843 rans,
873 2797 984 2850 quorum
1012 2781 1160 2834 litterarum
1187 2797 1292 2834 summa

785 2865 818 2917 ad
835 2879 854 2916 c
872 2881 926 2917 non
943 2865 1059 2934 attingit,
1080 2865 1209 2932 α’Δγαπὴ
1228 2881 1292 2936 quo·

788 2965 870 3019 «que,
890 2949 974 3019 inquit
1001 2951 1060 3017 (seu
1079 2947 1204 3018 Caritas),
1225 2965 1292 3019 quae

789 3054 802 3082 u
812 3033 841 3085 in
853 3050 881 3086 se
895 3045 999 3086 tantum
1013 3048 1080 3086 xcrtt
1095 3033 1173 3087 habet
1184 3039 1222 3101 (et
1233 3050 1293 3103 pro-

790 3129 903 3187 apterea
922 3117 1044 3171 sinistrae
1069 3119 1176 3184 manus)
1192 3131 1218 3170 ει
1237 3117 1293 3187 ipsa

789 3217 803 3246 a
814 3198 927 3250 sublatio
938 3197 1052 3266 (salutis)
1060 3210 1099 3251 est
1106 3215 1203 3268 mquae
1212 3214 1292 3267 erpo·

785 3281 846 3334 sitio
861 3299 916 3335 non
932 3283 1018 3334 solum
1034 3299 1066 3334 ex
1082 3282 1184 3335 maiore
1198 3281 1224 3334 vi
1240 3281 1292 3334 iro·

785 3367 844 3418 nica
854 3383 905 3438 qua
914 3377 1001 3419 textus
1010 3367 1146 3430 ditaretur,
1156 3367 1201 3420 sed
1211 3366 1291 3419 etiarn

785 3467 817 3504 ex
830 3451 996 3515 correlativo,
1009 3451 1053 3504 ubi
1065 3451 1098 3504 de
1111 3451 1226 3514 Alethia,
1245 3450 1292 3502 «in

789 3546 883 3605 «parte
892 3535 1069 3588 materialium
1080 3535 1217 3588 subsistit»
1230 3551 1292 3588 con·

785 3617 885 3672 firmari
897 3619 1009 3672 videtur.
1020 3618 1134 3672 -Haec
1144 3630 1235 3672 tamen
1248 3635 1293 3689 per

785 3703 964 3756 coniecturam
984 3704 1036 3756 sint
1064 3704 1141 3756 dicta.
1190 3702 1293 3756 Tacen-

786 3787 850 3840 dum
869 3788 978 3840 demum
990 3787 1067 3840 nobis
1085 3798 1195 3840 nonest
1214 3787 1293 3840 verba

786 3871 969 3942 antiquissima
982 3872 1074 3942 quibus
1085 3872 1161 3925 huius
1174 3871 1188 3940 S
1202 3871 1294 3925 inscri-

786 3957 842 4026 ptio
853 3956 954 4026 incipit,
962 3955 1003 4008 De
1013 3970 1100 4020 attett,
1113 3956 1220 4009 nonnisi
1233 3972 1293 4008 cum

786 4041 836 4094 hoc
855 4040 936 4092 verbo
964 4054 1095 4092 tevattex
1122 4051 1237 4110 cognata
1255 4040 1294 4092 vi·

786 4124 855 4178 deri:
879 4123 989 4177 fortasse
1016 4141 1049 4177 ex
1077 4136 1244 4194 praepostera
1256 4124 1294 4192 (i)

786 4208 900 4262 lectione
920 4223 972 4261 ceu
991 4223 1078 4260 axau.
