3230 5062
185 449 218 516 (l,
242 451 309 520 10).]
609 453 699 498 unm
724 453 839 500 snmus
1197 453 1254 516 113

186 645 300 735 (quem
324 643 498 712 secundum
522 645 750 732 inspectionem
774 666 886 710 eorum
910 644 1096 732 angelorum
1113 647 1168 732 qui
1185 662 1259 712 sunt

186 774 261 840 erga
277 751 474 819 salvatorem
488 751 675 842 generavit),
695 753 898 819 exsistentem
914 749 1055 818 eiusdem
1072 750 1259 820 substantiae

188 860 283 926 matri
302 882 386 941 suae,
410 858 593 947 spiritalem,
616 875 647 924 et
670 860 775 947 ipsum
793 859 906 940 (enim)
925 860 1087 946 ignorasse
1110 859 1259 925 Demiur-

188 989 266 1054 gum
291 963 416 1032 dicunt:
441 982 471 1031 et
493 965 625 1032 latenter
647 961 825 1054 depositum
848 987 917 1031 esse
941 966 973 1030 in
997 988 1081 1046 eum,
1100 967 1258 1032 nesciente

188 1095 239 1152 e0‚
259 1074 304 1138 uti
323 1095 374 1161 per
393 1095 468 1139 eum
491 1073 524 1138 in
540 1095 621 1156 eam,
640 1095 720 1160 quae
737 1070 776 1139 ab
798 1095 838 1139 eo
855 1089 946 1153 esset,
966 1075 1104 1139 animam
1123 1076 1260 1142 semina-

188 1196 270 1259 tum,
289 1194 319 1244 et
341 1179 374 1244 in
398 1178 556 1245 materiale
579 1177 640 1245 hoc
660 1201 785 1267 corpus
803 1195 959 1266 gestatum
978 1201 1103 1268 quoque
1122 1179 1206 1246 velut
1225 1181 1259 1246 in

189 1302 281 1352 utero
305 1287 337 1352 in
356 1285 405 1351 his
425 1302 455 1352 et
478 1283 714 1374 amplificatum,
733 1301 876 1374 paratum
894 1284 947 1352 fiat
969 1285 1008 1353 ad
1027 1288 1259 1374 susceptionem

188 1391 343 1480 perfectae
366 1391 545 1459 rationis.(¹>
598 1391 702 1458 Latuit
724 1392 829 1480 igitur,
847 1391 1117 1480 quemadmodum
1141 1391 1259 1473 dicunt,

189 1500 412 1587 Demiurgum,
431 1498 664 1564 conseminatus
688 1498 891 1565 insufflationi
907 1500 974 1565 eius
990 1523 1007 1564 a
1025 1499 1152 1587 Sophia,
1170 1501 1260 1588 spiri-

187 1605 259 1672 talis
281 1605 391 1686 homo,
419 1603 616 1672 inenarrabili
641 1607 757 1670 virtute
779 1621 809 1670 et
833 1605 1038 1692 providentia.
1093 1606 1259 1688 Quemad-

189 1711 325 1779 modum
351 1714 438 1778 enim
462 1728 597 1778 matrem
620 1734 712 1778 suam
735 1713 902 1800 ignoravit,
927 1715 972 1779 sic
996 1729 1026 1779 et
1049 1736 1157 1779 semen
1182 1715 1259 1780 eius.

190 1817 290 1901 Quod
314 1820 409 1885 etiam
427 1819 532 1906 ipsum
555 1819 729 1885 Ecclesiam
748 1841 817 1885 esse
836 1817 953 1899 dicunt,
969 1819 1149 1907 exemplum
1170 1841 1261 1908 supe-

189 1928 285 1994 rioris
315 1925 532 1993 Ecclesiae:(²)
554 1941 585 1991 et
615 1925 699 1991 hunc
730 1949 798 1992 esse
821 1927 854 1991 in
887 1927 1063 2014 semetipsis
1094 1927 1260 1994 hominem

189 2108 244 2189 τὴν
267 2103 398 2188 θεωρίαν
419 2113 478 2168 τῶν
495 2106 563 2188 περὶ
577 2107 627 2168 τὸν
643 2104 770 2190 Σωτῆρα
785 2103 924 2190 ἀγγέλων
937 2104 1137 2190 ἀπεκύησεν),
1153 2105 1260 2189 ὁμοοὺ-

191 2235 256 2278 σιον
278 2212 415 2296 ὑπάρχον
436 2221 473 2295 τῇ
497 2215 594 2298 μητρὶ,
614 2216 824 2297 πνευματικὸν,
848 2215 900 2276 καὶ
919 2215 991 2278 αὐτὸ
1010 2212 1191 2298 ἠγνοηκέναι
1208 2217 1260 2279 τὸν

192 2321 382 2405 Δημιουργον
403 2319 543 2405 λέγουσι·
566 2323 620 2384 καὶ
642 2317 820 2403 λεληθότως
841 2320 1083 2386 κατατεθεῖσθαι
1101 2323 1142 2399 εἰς
1161 2323 1260 2405 αὐτὸν,

192 2430 235 2512 μὴ
254 2426 366 2502 εἰδότος
380 2429 483 2508 αὐτοῦ,
498 2428 547 2490 ἵνα
561 2425 599 2490 δι’
612 2429 703 2490 αὐτοῦ
719 2427 759 2503 εἰς
775 2430 828 2510 τὴν
843 2424 897 2490 ἀπ’
910 2429 1002 2490 αὐτοῦ
1018 2427 1117 2512 ψυχὴν
1136 2429 1261 2511 σπαρὲν,

191 2535 245 2598 καὶ
257 2533 298 2610 εἰς
309 2537 344 2598 το
355 2533 458 2598 ὑλικὸν
473 2543 560 2597 τοῦτο
575 2543 673 2618 σῶμα,
687 2533 880 2618 κυοφορηθὲν
895 2533 926 2596 ἐν
941 2532 1055 2610 τούτοις
1067 2536 1119 2598 καὶ
1130 2531 1262 2617 αλιξηθὲν

192 2643 312 2725 ἕτοιμον
322 2638 444 2725 γένηται
455 2644 529 2725 πρὸς
540 2639 694 2725 ὑποδοχὴν
705 2647 758 2703 τοῦ
772 2639 887 2704 τελείου
901 2639 1004 2724 λόγου.
1047 2640 1187 2705 ’Etiam
1199 2642 1260 2722 οὖν,

194 2745 236 2821 ὥς
262 2766 345 2828 φασι,
375 2749 426 2808 τὸν
458 2746 646 2830 Δημιουργὸν
668 2744 685 2807 ὁ
708 2745 972 2830 συηκατασιταρείς
1000 2753 1041 2828 τῷ
1071 2744 1262 2830 ἐμφυσήματι
1344 2747 1346 2752 ’

193 2855 286 2916 αὐτοῦ
309 2852 367 2916 ὑπὸ
389 2863 441 2936 τῆς
464 2852 578 2936 xoptate
598 2855 798 2936 πνευματικὸς
821 2851 982 2936 ἄνθρωπος
1000 2851 1119 2936 eppheta
1139 2851 1262 2936 δυνάμει

193 2960 247 3022 καὶ
268 2957 401 3042 προνοίᾳ.
455 2957 513 3035 Ὦς
535 2959 593 3043 γὰρ
615 2960 668 3042 τὴν
692 2956 806 3042 μητέρα
832 2955 1023 3041 ἠγνοηκέναι,
1048 2960 1126 3020 οὕτω
1153 2959 1206 3019 καὶ
1228 2960 1262 3021 τὸ

194 3063 316 3148 σπέρμα
336 3066 445 3148 αὐτῆς·
470 3066 487 3128 ὃ
510 3064 547 3147 δὴ
570 3067 622 3128 καὶ
641 3066 713 3128 αὐτὸ
729 3061 917 3148 Ἐκκλησίαν
933 3065 1007 3128 εἶναι
1021 3062 1171 3148 λέγουσιν,
1188 3063 1263 3127 ἀντί-

194 3195 286 3236 τυπον
308 3183 362 3258 τῆς
384 3173 446 3236 ἄνω
469 3169 677 3256 Ἐκκλησίας·
701 3171 755 3234 καὶ
773 3179 852 3253 τοῦτ,
873 3171 948 3234 εἶναι
967 3173 1016 3234 τὸν
1040 3169 1072 3232 ἐν
1091 3171 1190 3246 αὐτοῖς
1212 3172 1264 3233 ἄν·

233 3337 704 3408 (ι)6τ.λογουεοετυιοῃῐο(Τειιτ.).
762 3355 843 3392 «sum
863 3351 903 3392 est
922 3339 949 3391 in
968 3350 1067 3392 terram
1086 3356 1116 3392 ac
1131 3337 1159 3391 in
1174 3339 1264 3391 anima

197 3423 244 3476 Est
255 3424 445 3494 nempeipsum
453 3424 585 3478 obiectum
597 3424 703 3493 seuipsa
762 3437 922 3494 «tamquam
942 3424 969 3476 in
995 3424 1111 3493 hospitio
1130 3423 1264 3476 cohabitat

196 3507 343 3578 propositio
352 3525 475 3578 gnoseos.
493 3505 653 3560 Exc.i'heod.
663 3521 704 3574 53:
762 3528 775 3558 a
785 3526 865 3579 quum
874 3509 1018 3561 daemones
1028 3508 1140 3560 absunt»
1151 3507 1265 3574 (Philos.;

201 3611 215 3640 a
225 3603 254 3645 ut
266 3607 296 3645 os
307 3591 425 3662 [ὀστοῦν]
436 3591 482 3644 scl.
493 3591 582 3644 anima
592 3593 704 3644 rationa—
758 3593 795 3646 ita
806 3605 831 3646 et
842 3592 1006 3660 Hennensr.
1016 3605 1049 3645 20
1059 3593 1124 3657 cit).
1155 3591 1264 3654 «Quum

202 3695 215 3724 α
225 3675 256 3728 lis
268 3691 323 3730 non
337 3687 408 3730 esset
422 3692 504 3729 vacua
520 3676 565 3728 sed
581 3675 705 3746 spiritalis
763 3677 835 3730 «hoc
846 3677 873 3730 in
884 3677 962 3729 corde
972 3676 1005 3729 sit
1017 3687 1159 3746 receptum,
1169 3674 1266 3728 sancti-

202 3760 340 3813 umedulla
357 3761 469 3832 plena».
505 3761 546 3814 De
561 3760 612 3813 hoc
631 3761 704 3827 λόγῳ
763 3760 893 3814 «ficatum
907 3773 946 3812 est
962 3777 1015 3824 cor,
1031 3772 1109 3830 atque
1121 3759 1179 3812 luce
1192 3775 1265 3829 prae·

197 3844 275 3914 plena
285 3843 404 3898 doctrina
413 3845 526 3897 traditor
536 3844 604 3914 apud
614 3843 705 3896 Philus.
764 3844 1000 3915 «fulget3ideoque
1010 3843 1078 3896 beati
1089 3855 1150 3896 sunt
1159 3843 1203 3912 qui
1213 3842 1266 3894 tale

199 3925 705 4000 V1‚34acsrogmvamua.(Stramll,
763 3945 833 3981 acor
850 3929 962 3992 habent;
976 3945 1039 3980 nam
1055 3928 1103 3997 ipsi
1122 3928 1208 3980 Deum
1227 3927 1267 3978 vi·

199 4017 255 4082 το).
301 4013 347 4066 Est
375 4013 448 4067 enirn
476 4013 611 4066 «verbum
635 4012 705 4082 quod
764 4013 908 4066 «debunt»
928 4011 1087 4080 (Vnicum).

202 4113 258 4150 aex
273 4113 319 4151 ore
336 4097 486 4150 communis
504 4097 603 4150 fructus
621 4097 706 4150 Piero·
796 4098 838 4166 (2)
857 4096 910 4150 Cfr.
926 4095 988 4148 Exc.
1009 4095 1097 4148 Theoti.
1118 4111 1141 4160 ι,
1163 4109 1204 4157 21,
1226 4108 1266 4164 39,

203 4185 300 4264 «motis
317 4182 403 4252 (Iesu)
421 4194 448 4236 et
468 4182 584 4253 Sophiae
604 4183 706 4236 immis-
760 4197 804 4249 40,
817 4197 857 4252 53,
868 4182 912 4248 58;
925 4181 1091 4250 Hennensr.
1107 4180 1267 4248 13(Brooke‚

272 4393 327 4436 aot.
341 4393 408 4436 aaa.
423 4393 479 4436 mr.
495 4395 549 4448 (ser.
565 4395 596 4448 n)
612 4395 650 4436 111.
1178 4374 1195 4428 8
