3172 5044
473 437 757 484 VALENTINIANISMI
780 437 903 483 FONTES

151 652 315 710 mentem
329 634 388 708 Al.
400 634 629 733 perhibetur.
674 633 1099 732 Illiusmentemduplex
1110 660 1223 731 quae·

149 761 221 834 stio
232 760 451 858 exagitasse
461 759 623 834 videtur:
637 785 823 856 quaenam
836 758 1007 832 videlicet
1021 759 1106 832 mali
1122 776 1223 832 esset

150 888 272 986 origo,
304 888 445 984 quique
464 885 603 960 exinde
630 887 680 960 ad
699 885 824 958 Deum
853 909 1032 957 ascensus
1061 899 1218 982 pateret.

149 1014 320 1086 Noverat
352 1037 443 1086 sane
480 1011 662 1109 quidquid
697 1011 775 1083 veri
815 1008 981 1106 bonique
1015 1009 1050 1080 in
1086 1009 1222 1082 creatis

148 1139 263 1211 rebus
291 1154 393 1212 esset
421 1164 443 1210 a
472 1137 558 1210 Deo
587 1162 681 1223 esse,
712 1152 750 1208 at
778 1135 891 1210 etiam
922 1135 1047 1207 Deum
1067 1159 1090 1208 a
1109 1137 1222 1208 rebus

148 1263 324 1335 humanis
353 1261 517 1335 maxime
540 1277 726 1335 remotum
746 1275 992 1356 compererat.
1051 1259 1218 1357 insuper,

149 1388 253 1460 unde
279 1388 373 1460 haec
398 1412 498 1483 quae
526 1412 594 1460 nec
623 1410 711 1459 vera
732 1411 801 1458 nec
822 1385 922 1458 bona
947 1385 983 1456 in
1007 1409 1132 1458 rerum
1161 1409 1222 1457 na·

148 1531 233 1588 tura
263 1512 372 1586 sunt?
420 1513 535 1606 Quod
568 1511 598 1586 si
632 1512 765 1585 horum
798 1535 932 1584 caussa
964 1509 1150 1584 discordia
1184 1510 1220 1583 in

147 1637 236 1712 Deo
265 1637 313 1709 sit
346 1637 559 1735 cogitanda,
582 1636 645 1733 qui
677 1637 786 1709 huius
818 1636 950 1718 sontes,
986 1633 1050 1730 qui
1085 1633 1218 1720 exitus,

148 1787 249 1860 quae
280 1760 492 1859 reparatio?

230 1885 335 1981 Quid
363 1901 490 1958 autem
510 1909 558 1957 ex
581 1882 638 1957 his
665 1883 817 1956 assidue
836 1883 1012 1981 cogitatis
1034 1884 1089 1955 vir
1118 1883 1221 1981 ipse

147 2009 360 2094 deduxerit,
382 2033 537 2106 prorsus
556 2008 656 2082 latet.
667 2005 701 2057 (ι)
757 2008 801 2081 lr.
824 2009 923 2080 enim
943 2008 1059 2106 ipsius
1083 2008 1221 2105 scripta

149 2161 223 2209 non
238 2135 389 2208 videtur
407 2132 547 2232 legisse
568 2158 637 2206 nec
656 2131 881 2207 sententiam
904 2134 1016 2230 plene
1043 2158 1222 2230 assequu-

147 2279 229 2346 tus;
262 2260 413 2333 aliunde
442 2259 532 2332 nihil
560 2259 737 2332 traditum
766 2274 841 2331 est:
878 2260 1089 2356 lragmenta
1119 2259 1221 2354 apud

148 2384 388 2459 Clementem
426 2383 591 2457 animum
630 2382 781 2479 quidem
811 2382 976 2454 doctoris
1004 2381 1217 2464 ostendunt,

147 2509 342 2583 doctrinas
362 2533 435 2582 non
456 2509 526 2590 ita;
553 2507 899 2604 discipulorum
921 2505 1127 2579 sententias
1146 2506 1220 2578 late

148 2633 428 2732 cognoscimus,
450 2657 580 2706 verum
602 2648 744 2705 certum
757 2647 815 2705 est
829 2647 868 2704 et
882 2633 929 2703 ab
945 2630 1034 2729 ipsis
1049 2629 1220 2703 Patribus

147 2783 267 2856 saepe
295 2757 518 2830 inculcatum
543 2755 649 2855 plura
669 2757 737 2829 hos
755 2755 945 2829 addidisse
973 2755 1118 2853 placitis
1147 2779 1222 2827 ma·

148 2881 271 2982 gistri.
329 2880 535 2956 Doctrinae
556 2879 902 2956 Valentinianorum
924 2897 1050 2953 autem
1079 2880 1128 2951 ad
1157 2879 1221 2952 du·

148 3009 288 3106 plicem
308 3008 443 3080 seriem
462 3007 622 3082 redeunt
641 3033 708 3104 per
728 3023 905 3103 quattuor
932 3008 1054 3079 fontes
1080 3021 1218 3077 notam:

148 3149 320 3230 systema
334 3132 497 3206 italicum
513 3157 580 3206 seu
596 3133 746 3206 scholae
762 3131 978 3216 Ptolemaei,
997 3133 1045 3203 ab
1066 3131 1222 3203 Irenaeo

148 3257 348 3340 traditum;
370 3271 537 3351 systema
555 3255 736 3328 orientale
764 3257 865 3352 quod
888 3255 1139 3328 diversimode
1159 3278 1221 3326 ex·

150 3381 303 3479 ponitur
321 3382 370 3453 ab
390 3379 599 3476 Hippolyto
615 3381 650 3453 in
668 3381 1023 3476 th'losophumem's,
1043 3395 1080 3451 et
1099 3403 1122 3450 a
1138 3376 1207 3449 Cle

152 3523 279 3578 mente
299 3505 360 3576 Al.
384 3504 420 3576 in
442 3505 642 3600 Excerptz's
656 3531 703 3577 ex
727 3505 916 3582 Theodoto.
963 3503 1033 3578 His
1048 3500 1221 3576 omnibus

150 3627 339 3724 antiquior
372 3643 430 3700 est
457 3627 644 3725 expositio
672 3653 769 3724 quae
797 3627 833 3700 in
863 3643 1102 3725 syntagmate
1132 3625 1222 3720 Hip-

223 3907 266 3969 (1)
276 3903 330 3956 Ct'r.
345 3903 483 3968 Heturucr,
497 3903 545 3956 Die
560 3903 683 3956 Valentia.
698 3902 790 3957 Gnosis
803 3921 879 3969 usur„
892 3903 988 3968 Berlin,
1002 3904 1222 3973 187138cun1'rr,

151 3988 201 4040 Die
217 3987 310 4040 Gnosis
330 3987 375 4040 der
394 3987 541 4052 Allerlums,
560 3987 681 4060 Leipzig;
701 3988 742 4040 DE
761 3987 844 4052 Fata,
865 3987 1037 4041 Introduction
1056 3990 1070 4040 d
1087 3987 1173 4040 l'e‘tudr·
1188 3988 1222 4039 du

151 4071 326 4135 Gnosticisme,
346 4073 429 4136 Paris,
447 4087 512 4142 1903
533 4074 575 4126 vel
595 4073 764 4137 Buounrurr,
785 4073 821 4126 Lo
841 4073 1017 4138 Gnostirismo,
1030 4074 1125 4136 Roma,
1145 4088 1220 4142 1907,

150 4173 175 4225 p.
195 4155 244 4209 162
264 4173 331 4226 sqq,
353 4157 456 4227 aliaque
475 4158 503 4209 in
521 4158 562 4210 his
581 4158 703 4228 operibus
722 4158 844 4228 allegata.
