3238 5090
368 473 434 540 404
658 471 785 520 menam
811 471 969 518 intensus
992 471 1148 518 uneuases
1273 471 1368 541 [xlm¹
1384 489 1432 540 1-3

367 671 483 736 cientes
506 667 545 734 de
568 667 745 734 Pleromate
769 670 926 734 omnium.
973 666 1174 734 Duodecimo
1196 684 1302 734 autem
1325 691 1434 735 mense

367 775 475 842 dicunt
499 797 573 840 eum
596 795 734 862 passum,
751 791 785 840 ut
805 775 845 841 sit
861 795 947 840 anno
964 793 1030 840 uno
1048 790 1120 862 post
1139 773 1329 863 baptismum
1347 795 1436 863 prae-

367 879 521 962 dicans,et
533 903 570 946 ex
582 879 733 968 propbeta
743 897 864 946 tentant
876 879 937 947 hoc
950 881 1053 968 ipsum
1066 879 1255 947 confirmare
1268 880 1434 970 (scriptum

369 1003 415 1053 est
437 989 540 1054 enirn:
560 1013 576 1050 u
592 985 714 1052 Vocare
729 1007 847 1052 annum
863 987 995 1053 Domini
1012 1003 1184 1074 acceptum,
1200 1003 1231 1052 et
1249 985 1332 1053 diem
1347 987 1437 1054 retri-

371 1121 386 1157 «
401 1092 539 1160 butionis
554 1093 600 1182 u),
611 1093 644 1146 (¹)
667 1113 740 1160 vere
759 1095 976 1174 caecutientes,
992 1095 1043 1180 qui
1067 1091 1221 1181 profunda
1242 1092 1334 1180 Bythi
1349 1092 1437 1160 adin·

369 1201 492 1266 venisse
509 1221 541 1265 se
556 1199 674 1282 dicunt,
686 1216 717 1265 et
729 1221 794 1265 non
811 1200 1019 1286 intelligentes
1035 1198 1072 1266 ab
1083 1199 1174 1266 Esaia
1185 1199 1303 1266 dictum
1316 1222 1437 1266 annum

368 1307 501 1372 Domini
524 1304 756 1393 acceptabilem,
771 1328 829 1372 nec
852 1304 936 1372 diem
952 1303 1176 1372 retributionis.
1222 1305 1333 1394 Neque
1347 1307 1437 1372 enim

366 1412 407 1479 de
429 1412 489 1492 die,
512 1435 591 1500 quae
614 1411 781 1480 duodecim
805 1412 955 1478 horarum
979 1409 1070 1479 habet
1089 1414 1236 1500 spatium,
1250 1410 1370 1480 dictum
1388 1429 1438 1478 est

369 1521 401 1586 in
424 1517 591 1606 propheta;
616 1540 672 1583 nec
688 1516 727 1583 de
743 1540 826 1584 anno
841 1516 1008 1584 duodecim
1025 1519 1184 1584 mensium
1200 1517 1332 1585 habente
1346 1542 1439 1585 men-

368 1647 484 1692 suram.
532 1623 618 1706 Quia
642 1625 726 1689 enim
750 1623 918 1711 prophetae
941 1625 973 1690 in
997 1621 1151 1712 parabolis
1167 1642 1201 1690 et
1220 1624 1389 1712 allegoriis,
1405 1643 1439 1692 et

368 1753 433 1798 non
458 1729 630 1797 secundum
650 1751 765 1796 sonum
785 1731 922 1818 ipsarum
939 1729 1113 1796 dictionum
1129 1731 1264 1817 plurima
1280 1729 1439 1811 dixerunt,

369 1857 399 1906 et
423 1840 480 1927 ipsi
504 1836 701 1904 confitentur.

438 1965 467 2012 2.
492 1943 550 2036 [7].
597 1945 674 2010 Dies
705 1965 781 2032 ergo
805 1944 1017 2010 retributionis
1040 1944 1141 2011 dictus
1165 1959 1222 2026 est,
1246 1945 1364 2033 inquo
1387 1967 1441 2011 re-

369 2048 482 2118 tribuet
512 2051 672 2116 Dominus
699 2051 866 2138 unieuique
889 2049 1063 2116 secundum
1086 2071 1180 2136 opera
1203 2071 1269 2132 sua,
1294 2049 1354 2116 hoc
1378 2067 1439 2135 est,

370 2158 531 2224 iudicium.
577 2159 689 2223 Annus
713 2171 816 2222 autern
841 2155 973 2223 Domini
997 2157 1202 2244 acceptabilis,
1218 2175 1343 2245 tempus
1363 2157 1439 2238 hoc,

370 2265 402 2329 in
429 2283 492 2352 quo
514 2279 666 2329 uocantur
690 2259 727 2328 ab
751 2285 789 2328 eo
819 2262 850 2328 hi
878 2265 931 2351 qui
963 2261 1092 2330 credunt
1115 2263 1154 2342 ei,
1179 2282 1209 2330 et
1233 2261 1439 2352 acceptabiles

369 2369 450 2436 fiunt
464 2369 594 2437 Deo:(²)
617 2370 677 2436 hoc
701 2387 758 2452 est,
782 2393 879 2438 omne
901 2369 939 2438 ab
954 2369 1089 2438 adventu
1106 2373 1172 2437 eius
1188 2387 1313 2460 tempus
1337 2393 1439 2461 usque

370 2475 408 2544 ad
431 2478 751 2558 consummationem,
767 2478 800 2542 in
818 2499 892 2566 qu0,
917 2495 950 2544 ut
974 2477 1102 2558 fructus,
1118 2499 1173 2544 eos
1192 2481 1247 2566 qui
1265 2478 1438 2558 salvantur,

370 2585 508 2671 acquirit.
521 2583 554 2636 (³)
599 2583 745 2670 Sequitur
767 2584 864 2664 enim,
878 2582 1052 2650 secundum
1068 2581 1240 2650 dictionem
1256 2583 1438 2674 prophetae,

370 2713 485 2756 annum
510 2691 576 2756 dies
599 2688 821 2771 retributionis,
836 2708 867 2756 et
890 2691 947 2756 erit
966 2693 1115 2757 mentitus
1135 2690 1295 2780 propheta,
1310 2693 1336 2757 si
1351 2715 1438 2758 anno

369 2795 591 2864 tantummodo
614 2795 774 2862 Dominus
796 2796 993 2884 praedicavit,
1011 2813 1041 2863 et
1059 2796 1097 2865 de
1121 2819 1159 2863 eo
1176 2795 1259 2864 dicit.
1306 2798 1369 2865 Ubi
1389 2817 1439 2864 est

369 2909 456 2970 enim
479 2903 544 2970 dies
569 2893 801 2970 retributionis?
828 2905 970 2970 transivit
993 2905 1079 2970 euim
1103 2927 1214 2985 annus,
1239 2921 1269 2970 et
1292 2903 1437 2971 nondum

369 3009 434 3076 dies
458 3008 671 3076 retributionis
695 3026 761 3089 est;
785 3008 838 3075 sed
863 3007 963 3076 adhuc
989 3036 1005 3073 «
1020 3010 1121 3076 solem
1146 3033 1240 3076 suum
1264 3011 1340 3077 oriri
1363 3008 1439 3077 facit

375 3145 390 3179 u
402 3139 495 3204 super
518 3114 619 3182 bonos
639 3131 668 3182 et
685 3115 796 3197 maloS,
813 3133 843 3182 et
858 3115 936 3204 pluit
952 3139 1044 3204 super
1058 3118 1157 3182 iustos
1173 3133 1203 3183 et
1217 3117 1350 3183 iniustos
1365 3143 1394 3184 n.
1404 3117 1439 3170 (⁴)

369 3223 408 3288 Et
430 3222 705 3310 persequutionem
728 3219 855 3310 quidem
879 3223 1037 3309 patiuntur
1056 3222 1138 3303 iusti,
1154 3238 1184 3288 et
1199 3221 1391 3312 affliguntur,
1405 3241 1438 3290 et

369 3328 570 3410 occiduntur3
594 3331 626 3395 in
648 3326 834 3394 abundantia
858 3345 963 3394 autem
987 3345 1059 3395 sunt
1079 3346 1267 3417 peccatores
1282 3347 1313 3396 et
1329 3357 1346 3394 a
1360 3353 1438 3397 cum

372 3433 518 3502 «cithara
541 3452 572 3500 et
594 3434 740 3522 psalterio
763 3433 883 3516 bibunt,
906 3457 1000 3522 opera
1018 3451 1123 3501 autern
1142 3435 1277 3502 Domini
1300 3457 1365 3502 non
1387 3437 1439 3502 in-

405 3613 448 3675 (r)
471 3609 523 3662 lsn.
549 3608 617 3672 Llil,
643 3624 667 3673 2,
692 3609 757 3662 iuxt.
781 3606 876 3664 Graec.
930 3610 1050 3679 proxime
1064 3609 1232 3680 sequentibus
1247 3621 1273 3664 et
1289 3609 1317 3664 in
1332 3609 1438 3680 integro

370 3693 458 3748 Lxx:
477 3696 600 3746 καλέσαι.
930 3693 981 3746 hoc
1000 3693 1014 3762 §
1036 3693 1117 3746 veluti
1142 3695 1209 3747 echo
1227 3693 1438 3765 persequutionis

406 3780 448 3846 (2)
467 3777 520 3831 Cfr.
541 3777 612 3831 Rom.
633 3777 666 3840 ll,
684 3776 709 3830 6.
930 3791 956 3831 et
968 3779 1051 3830 cladis
1065 3793 1189 3832 resonare
1201 3778 1320 3834 videtur?
1357 3777 1438 3849 Equi·

406 3865 448 3931 (3)
467 3862 589 3933 Adquiril
606 3869 634 3914 ut
645 3861 758 3932 fructus]
782 3861 876 3914 allusio
930 3863 991 3916 dem
1003 3863 1070 3917 haec
1079 3864 1175 3934 scripta
1187 3865 1268 3934 longe
1278 3875 1340 3916 ante
1349 3879 1373 3916 a.
1388 3863 1434 3928 185

370 3949 403 4001 ad
422 3952 604 4015 καρποφορίας
623 3946 822 4000 Gnosticorum.
929 3963 982 4017 quo
1001 3947 1038 3999 lV
1062 3948 1120 4000 libr.
1136 3945 1273 4001 coniectus
1296 3957 1335 4000 est
1361 3944 1438 4000 facile

405 4035 447 4099 (4)
468 4033 578 4085 Mnr‘rrr.
599 4031 631 4096 V,
647 4047 691 4098 45,
706 4031 739 4084 ad
757 4031 876 4084 litteram
929 4031 1028 4101 legenti
1052 4029 1133 4102 praef.
1161 4031 1198 4084 lll
1226 4032 1333 4101 patebit„
1379 4029 1436 4084 Cir.

370 4133 430 4169 cum
460 4133 528 4168 vers.
556 4116 601 4169 lat.
628 4113 708 4185 Vulg.
735 4126 761 4167 et
790 4125 875 4189 contr.
929 4114 1029 4186 Prolcg.
1044 4133 1070 4186 p.
1090 4129 1117 4180 ις
1140 4116 1197 4185 [Εἰς
1216 4113 1319 4170 inibe.
1334 4114 1436 4180 48,ubi

369 4201 432 4254 hod.
444 4211 509 4268 teat.
522 4200 760 4272 graec—Nonne
772 4199 876 4253 veroin
930 4215 993 4252 sane
1011 4201 1094 4253 levius
1112 4201 1151 4254 rei
1170 4211 1357 4272 argumentum
1375 4199 1437 4268 est].
