3274 5100
206 509 406 580 (xxvttt‚7).]
630 511 720 558 tinen
743 509 856 557 nntnus
1208 510 1270 576 297

209 707 291 773 hunc
317 706 492 772 maximnm
511 727 651 772 errorem
670 705 750 771 inter
769 704 939 792 discipulos
957 705 1024 770 eius
1041 703 1136 771 luisse
1155 704 1272 787 dicunt,

207 815 358 902 quoniam
389 828 532 900 putarent
554 833 628 877 eum
651 811 684 876 in
707 833 837 898 corpore
872 809 1020 878 mundiali
1056 814 1273 892 resurrexisse,

209 921 389 1008 ignorantes
412 919 562 1008 quoniam
588 939 693 984 «caro
726 934 756 983 et
793 919 919 1006 sanguis
953 941 1085 1006 regnum
1120 919 1180 984 Dei
1208 942 1274 985 non

214 1025 474 1114 «apprehendunt
486 1025 563 1092 ».(¹)

281 1156 329 1220 14.
355 1131 552 1202 Confirmare
576 1149 681 1200 autem
704 1133 815 1199 volunt
837 1133 1075 1200 descensionem
1100 1134 1219 1202 Christi
1243 1152 1273 1201 et

209 1243 427 1308 ascensionem
450 1264 488 1307 ex
511 1263 561 1322 eo,
594 1239 678 1328 quod
709 1263 809 1327 neque
845 1255 915 1306 ante
949 1237 1150 1328 baptismum,
1174 1264 1274 1330 neque

209 1365 280 1436 post
294 1347 584 1414 resurrectionem‘a
597 1347 741 1428 mortuis,
753 1343 867 1433 aliquid
884 1347 990 1434 magni
1004 1347 1114 1412 lesisse
1128 1347 1233 1413 Iesum
1242 1347 1275 1400 (²)

210 1453 314 1522 dicant
335 1452 489 1538 discipuli,
513 1455 693 1542 ignorantes
727 1450 889 1518 adunitum
913 1476 981 1519 esse
1003 1453 1108 1520 Iesum
1134 1453 1274 1534 Christ0,

210 1579 240 1628 et
260 1557 527 1648 incorruptibilem
546 1561 691 1626 Aeonem
709 1557 915 1627 hebdomadi:
936 1575 966 1626 et
984 1558 1142 1626 mundiale
1161 1582 1275 1648 corpus

210 1668 345 1735 animale
367 1666 484 1734 dicunt.
496 1667 529 1720 (at
581 1666 790 1733 Remotatum
824 1682 929 1732 autem
960 1689 1033 1732 eum
1068 1681 1139 1754 post
1173 1687 1276 1733 resur-

213 1777 385 1842 rectionem
409 1795 486 1840 xvnt
509 1771 681 1853 mensibus,
689 1771 722 1826 (⁴)
740 1788 771 1838 et
794 1770 994 1838 sensibilitate
1007 1773 1040 1837 in
1056 1796 1130 1839 eum
1148 1769 1277 1838 descen-

210 1882 314 1964 dente,
330 1879 474 1948 didicisse
490 1880 574 1968 quod
591 1877 744 1966 liquidum
759 1895 806 1945 est
816 1905 822 1945 :
832 1879 865 1931 (5)
887 1896 918 1945 et
932 1901 1048 1966 paucos
1063 1903 1100 1946 ex
1116 1877 1276 1967 discipulis

212 1989 288 2070 suis,
313 2009 392 2075 quos
416 1985 532 2054 sciebat
554 2007 682 2073 capaces
716 2000 875 2050 tantorum
909 1986 1146 2071 mysteriorum,
1170 1984 1276 2052 docuit

213 2099 300 2174 haec,
324 2109 355 2160 et
379 2093 423 2159 sic
458 2109 600 2180 receptus
634 2108 681 2158 est
714 2092 747 2158 in
781 2091 913 2172 caelum,
938 2090 1067 2159 Christo
1090 2090 1216 2158 sedente
1237 2089 1275 2157 ad

211 2200 373 2267 dexteram
396 2199 497 2266 Patris
520 2195 710 2278 Ialdabaoth,
733 2199 777 2264 uti
801 2199 921 2264 animas
944 2221 1066 2280 eorum,
1085 2200 1139 2285 qui
1157 2220 1278 2286 cogno-

212 2324 323 2373 verunt
349 2329 415 2387 eoS,
439 2323 511 2394 post
534 2305 763 2393 depositionem
787 2303 954 2370 mundialis
978 2305 1078 2370 carnis
1097 2305 1223 2392 recipiat
1245 2305 1277 2370 in

212 2435 256 2492 se,
272 2412 373 2478 ditans
396 2411 612 2498 semetipsum,
631 2411 722 2477 Patre
738 2411 804 2476 eius
823 2411 996 2498 ignorante,
1015 2409 1067 2478 sed
1091 2433 1130 2476 ne
1153 2409 1277 2478 uidente

211 2519 339 2608 quidem
363 2543 447 2600 eum,
471 2520 515 2584 uti
539 2521 571 2586 in
605 2535 758 2608 quantum
793 2519 880 2585 Iesus
914 2519 1120 2606 semetipsum
1147 2517 1222 2586 ditat
1245 2521 1277 2585 in

213 2627 326 2693 sanctis
350 2622 524 2707 animabus,
542 2627 575 2691 in
591 2641 713 2691 tantum
729 2625 820 2691 Pater
834 2626 900 2691 eius
921 2626 952 2690 in
964 2624 1159 2692 detrimentis
1179 2624 1278 2692 lactus

211 2732 438 2814 derninoretur‚
470 2748 636 2798 evacuatus
666 2756 683 2798 a
713 2732 828 2798 virtute
857 2755 913 2798 sua
946 2755 1002 2819 per
1031 2733 1161 2798 animas
1211 2733 1277 2800 lam

213 2842 298 2906 enim
324 2863 388 2906 non
412 2838 591 2905 habiturum
626 2862 697 2905 eum
734 2839 855 2904 animas
882 2855 1013 2920 sanctas,
1036 2856 1071 2905 ut
1095 2861 1202 2906 rursus
1224 2838 1279 2906 de-

214 2948 317 3014 mittat
339 2969 391 3012 eas
425 2948 458 3012 in
493 2945 665 3025 saeculum,
699 2944 752 3012 sed
787 2961 909 3010 tanturn
945 2967 996 3011 eas
1031 2967 1109 3032 quae
1144 2962 1217 3011 sunt
1241 2969 1278 3011 ex

214 3053 383 3121 substantia
412 3054 489 3134 eius,
513 3051 543 3119 id
562 3069 620 3134 est,
639 3069 807 3140 quaesunt
826 3075 863 3117 ex
881 3050 1102 3118 insufflatione.
1114 3051 1147 3104 (⁶)
1194 3051 1281 3119 Con-

214 3161 461 3228 summationem
485 3176 590 3226 autem
614 3158 751 3226 suturam
774 3157 899 3247 quando
919 3175 983 3225 tota
1003 3158 1195 3225 humectatio
1219 3160 1281 3247 spi-

250 3401 292 3469 (1)
311 3400 364 3454 Cir.
384 3399 395 3452 l
416 3398 478 3455 Cor.
499 3397 559 3465 XV,
580 3415 620 3468 50.
773 3416 834 3452 cum
854 3398 986 3470 discipulis
1002 3413 1072 3453 xvsti
1094 3415 1199 3452 menses
1223 3417 1281 3453 mo·

250 3489 292 3554 (2)
319 3485 390 3549 Quia
421 3501 517 3555 nempe
544 3499 629 3555 neque
659 3494 720 3537 ante
774 3497 861 3538 ratum
877 3501 934 3538 esse
953 3485 1051 3538 dicunt.
1088 3483 1118 3537 ld
1137 3485 1219 3538 etiam
1234 3486 1280 3538 ha·

215 3569 375 3639 baptismum
390 3585 475 3640 neque
485 3579 543 3639 post
553 3567 720 3620 resurrectio·
775 3571 819 3623 bes
830 3570 858 3622 in
869 3569 946 3622 Libro
956 3568 1009 3634 len,
1018 3569 1085 3641 apud
1096 3569 1282 3634 Borborianos,

214 3669 276 3706 nem
295 3652 416 3706 Christus
435 3669 496 3705 cum
511 3651 608 3722 Sophia
624 3651 663 3722 (id
682 3661 721 3704 est
774 3655 926 3708 Naassenos
944 3666 1007 3708 ete:
1029 3655 1092 3707 dum
1111 3653 1187 3707 Pistis
1207 3653 1281 3725 Soplr.

214 3737 413 3808 incorruptibile
426 3754 486 3790 curn
501 3736 681 3804 hebdomada)
694 3737 722 3788 in
777 3754 806 3793 x1
817 3755 902 3792 annos
915 3739 999 3792 docet.
1036 3736 1245 3809 Clr.p.9t,not.
1260 3752 1282 3805 3.

215 3821 273 3876 lesn
294 3823 473 3894 permanebat.
813 3826 855 3891 (5)
875 3823 895 3876 I·
914 3839 936 3876 e.
952 3823 1022 3894 quod
1042 3823 1070 3876 in
1089 3823 1220 3894 parabolis
1239 3823 1282 3875 ab·

250 3909 293 3976 (3)
303 3906 404 3960 Eodem
415 3907 582 3962 errorehanc
594 3906 721 3960 unionem
776 3908 926 3962 sconditum
939 3906 1060 3961 Christus
1076 3908 1199 3978 loquutus
1218 3918 1284 3971 erat,

215 3993 335 4044 nesciunt
363 4008 415 4062 quo
441 3993 570 4058 κωμικὸν
594 3993 625 4044 τὸ
647 3997 723 4058 σῶμα
776 3993 848 4046 Iesus
863 3993 978 4063 primum
994 3991 1132 4062 liquidum,
1145 4007 1190 4044 seu
1209 4007 1283 4060 aper·

216 4079 331 4144 ψυχικὸν
351 4079 490 4148 φάσκουσι.
775 4090 843 4142 tum,
861 4076 937 4130 discit
956 4088 1034 4148 atque
1060 4075 1193 4146 discipulis
1211 4087 1285 4145 pate·

251 4163 293 4227 (4)
321 4160 339 4213 Ι.
368 4177 391 4214 e.
423 4161 475 4214 hoc
506 4160 592 4231 ipsum
628 4177 722 4230 corpus
776 4161 848 4215 lacit.

216 4245 339 4308 animale,
349 4245 471 4299 sensibile
487 4244 593 4310 lactum,
607 4245 633 4297 in
646 4245 723 4298 terris
814 4243 856 4313 (6)
874 4243 928 4298 Clr.
948 4243 1035 4310 XXV,
1056 4259 1105 4312 4-5
1128 4260 1188 4296 curn
1207 4242 1266 4296 Vll.
