3172 5044
327 481 447 526 rostris
470 481 618 526 Gnostici
643 483 682 527 ΑΒ
704 480 845 527 lRENAEO
861 463 1015 528 'ADDUCTI
1164 483 1200 549 35

522 765 565 857 B)
591 767 824 834 Gnosticae.

215 933 342 1028 Quam
372 933 600 1006 uberrimam
624 949 796 1031 segetem
815 934 997 1031 praebeat
1015 936 1060 1007 lr.
1082 936 1131 1008 ad
1150 934 1206 1009 lit·

135 1072 340 1132 teraturam
369 1055 639 1154 historiamque
675 1057 941 1131 Gnosticorum
971 1084 1206 1157 cognoscen-

134 1181 231 1267 dam,
278 1181 365 1256 inde
407 1181 529 1255 solum
568 1182 762 1278 percipere
801 1182 898 1266 licet,
944 1183 1046 1280 quod
1088 1183 1203 1281 ipsius

135 1331 229 1402 opus
269 1307 431 1403 primum
462 1307 510 1379 sit
539 1332 587 1379 ex
616 1306 685 1379 illis
714 1331 821 1404 quae,
853 1331 875 1380 a
912 1306 1084 1380 Patribus
1120 1333 1204 1381 con-

134 1431 273 1529 scripta
301 1432 471 1528 praecise
500 1446 632 1504 contra
660 1455 791 1504 eorum
820 1455 976 1516 errores,
1008 1433 1204 1528 usquead

134 1583 200 1630 nos
238 1555 500 1655 pervenerint;
540 1571 656 1653 atque
692 1555 770 1629 lere
807 1580 939 1629 omnes
972 1555 1204 1652 insequentis

133 1680 266 1754 aetatis
296 1681 425 1754 Patres
443 1680 492 1754 ab
513 1681 557 1754 lr.
582 1703 671 1753 suas
690 1680 737 1751 de
757 1679 949 1752 Gnosticis
968 1679 1204 1777 cognitiones

134 1831 274 1902 magna
293 1820 468 1902 exparte
497 1804 785 1902 desumpserint.
844 1804 988 1878 Eadem
1008 1804 1090 1901 ipsa
1109 1832 1206 1904 quae

134 1954 221 2001 mox
250 1928 498 2002 delibavimus
531 1930 603 2002 huc
633 1952 784 2026 quoque
813 1928 963 2000 faciunt.
1249 1906 1251 1912 ⁵

211 2052 408 2149 Siquidem
447 2053 490 2124 Ir.
523 2051 669 2125 nonnisi
707 2067 793 2148 post
831 2050 1005 2125 diuturna
1041 2078 1087 2126 ac
1122 2078 1204 2150 pro·

134 2177 248 2251 funda
278 2178 314 2251 in
348 2177 620 2252 haereticorum
658 2202 753 2276 quos
789 2193 987 2275 oppugnat
1023 2194 1133 2276 gesta
1167 2195 1206 2252 et

134 2302 284 2400 scripta,
311 2302 482 2401 impensa
515 2302 649 2388 studia,
679 2328 776 2398 opus
803 2303 875 2376 hoc
903 2327 1108 2400 aggressus
1136 2320 1204 2376 est.

134 2425 222 2499 Post
242 2426 343 2499 enim
360 2451 416 2513 ea,
438 2452 534 2525 quae
550 2425 779 2524 Hippoltyus
799 2427 835 2499 in
855 2452 924 2499 suo
944 2426 1203 2526 Syntagmate‚

133 2567 172 2623 ut
200 2551 376 2636 diximus,
408 2553 582 2636 servavit,
606 2553 654 2625 ab
675 2554 719 2624 lr.
751 2551 912 2649 primum
936 2551 1114 2648 professa,
1147 2553 1205 2627 hic

134 2677 270 2774 coepit,
307 2693 348 2749 ut
385 2677 523 2751 latetur
552 2677 586 2771 (I
619 2677 766 2773 prael),
803 2675 838 2749 in
873 2677 1027 2750 eosdem
1060 2703 1206 2752 errores

133 2801 244 2874 altius
274 2801 473 2898 inquirere,
497 2827 581 2874 cum
603 2801 801 2875 haereticis
829 2800 941 2874 etiam
964 2803 1101 2897 pedem
1121 2828 1206 2875 con·

135 2925 271 3011 ferens,
299 2943 339 2998 et
367 2926 418 3000 ita
439 2925 555 2999 multa
574 2925 622 2999 ad
644 2950 781 2998 novum
810 2951 905 3023 opus
934 2951 1075 3023 parare,
1107 2953 1205 3024 quae

134 3067 222 3147 apte
253 3051 370 3124 critici
393 3051 429 3124 in
451 3068 629 3149 quattuor
657 3054 796 3125 classes
824 3053 1060 3126 distribuunt.
1118 3055 1206 3128 Pro-

135 3176 204 3250 fert
233 3177 337 3250 enim
367 3178 411 3250 lr.
443 3178 491 3252 de
521 3176 735 3251 Gnosticis:

269 3306 312 3399 a)
342 3327 440 3399 quae
469 3304 549 3402 ipse
577 3302 724 3376 viderat
755 3303 845 3375 dum
879 3303 1041 3399 pastoris
1071 3328 1205 3376 munus

135 3426 277 3509 obiret;

269 3553 308 3649 b)
337 3577 435 3650 quae
464 3553 669 3638 audiverat,
700 3569 778 3625 tum
807 3580 830 3628 a
857 3554 1097 3651 presbyteris,
1125 3571 1204 3629 tum

134 3701 252 3749 anon
272 3675 403 3774 paucis
432 3676 634 3762 Gnosticis,
667 3703 763 3773 quos
790 3678 839 3750 ad
864 3679 961 3752 ovile
981 3679 1149 3762 reduxit;

267 3803 302 3897 c)
332 3826 429 3897 quae
444 3817 587 3874 attente
603 3801 817 3900 perlegerat
832 3803 1101 3876 commentaria
1121 3805 1206 3877 hae-

135 3925 335 4000 reticorum
366 3926 661 4023 quamplurima:

265 4051 309 4148 d)
340 4075 436 4147 quae
465 4067 725 4125 antecessores
759 4051 815 4124 sui
850 4052 898 4125 de
936 4053 1203 4126 Gnosticorum

134 4175 305 4249 doctrina
334 4175 530 4274 gestisque
560 4193 814 4250 narraverant.
