3172 5044
131 471 165 539 r.]
555 470 645 516 LIBER
670 469 783 516 PRIMUS
1155 472 1196 538 77

129 689 194 746 uuS,
213 684 245 732 et
279 665 447 753 ingenitus,
471 665 503 728 in
527 663 650 730 silentio
674 680 704 728 et
727 665 760 729 in
783 664 886 749 quiete
918 663 1013 731 multa
1045 663 1141 730 fuisse
1165 667 1196 730 in

126 773 291 837 immensis
314 768 508 836 aeonibus.(¹>
553 769 637 837 Cum
658 770 726 856 ipso
746 785 852 834 autem
872 768 968 836 fuisse
988 787 1019 834 et
1035 771 1196 850 Ennoean‚

124 901 217 964 quam
241 880 338 943 etiam
359 876 478 944 Charin
501 892 531 941 et
550 877 644 963 Sigen
662 893 795 942 vocant:
816 892 846 941 et
870 875 1035 963 aliquando
1059 877 1196 944 voluisse

125 1009 140 1048 a
164 986 337 1072 semetipso
366 983 510 1048 emittere
540 982 621 1048 hunc
649 981 789 1070 Bytltum
822 983 947 1048 initium
979 984 1124 1048 omnium
1149 985 1195 1073 (et

126 1091 207 1157 velut
241 1113 351 1156 senten
384 1089 592 1177 prolationem
625 1089 703 1155 hanc
737 1089 891 1176 praemitti
920 1089 1047 1178 voluit),
1071 1107 1101 1156 et
1125 1113 1195 1156 eam

123 1197 306 1285 deposuisse
335 1197 425 1285 quasi
454 1197 486 1262 in
515 1196 607 1261 vulva
638 1197 716 1275 eius,
740 1218 819 1282 quae
851 1217 924 1261 cum
948 1219 987 1261 eo
1010 1212 1086 1276 erat,
1112 1197 1194 1282 Sige.

123 1305 210 1370 Hanc
235 1321 341 1370 autem
366 1305 540 1391 suscepisse
563 1325 672 1369 semen
695 1301 766 1384 hoc,
787 1319 817 1367 et
836 1319 1060 1390 praegnantem
1081 1302 1194 1369 factam

122 1433 288 1498 generasse
310 1411 398 1489 Nun,
422 1409 559 1477 similem
583 1424 613 1474 et
641 1408 801 1495 aequalem
833 1410 872 1490 ei,
896 1410 949 1495 qui
981 1409 1140 1490 emiserat,
1165 1427 1195 1475 et

122 1517 227 1583 solum
251 1519 426 1604 capientem
451 1514 699 1603 magnitudinem
724 1515 834 1580 Patris.
881 1515 956 1581 Nun
975 1534 1080 1582 autem
1100 1515 1194 1597 hunc,

122 1641 151 1688 et
164 1625 374 1712 Unigenitum
392 1639 517 1704 vocant,
537 1639 567 1688 et
579 1622 715 1704 Patrem,
728 1638 759 1687 et
772 1622 900 1687 Initium
918 1624 1074 1688 omnium.
1122 1623 1193 1688 Una

120 1746 225 1796 autem
250 1752 322 1795 cum
343 1752 384 1796 eo
403 1729 553 1794 emissam
569 1728 755 1808 Veritatem,
775 1745 805 1792 et
821 1726 900 1793 hanc
920 1750 989 1794 esse
1008 1730 1144 1816 primam
1163 1745 1193 1795 et

121 1838 364 1926 primogenitam
385 1835 623 1924 pythagoricam
648 1834 931 1921 quaternationem,
947 1857 1041 1922 quam
1058 1852 1088 1900 et
1107 1834 1188 1902 radi-

119 1966 189 2009 cem
213 1944 360 2010 omnium
388 1940 539 2009 dicuntia
584 1941 639 2007 Est
662 1942 745 2006 enim
772 1940 892 2027 Bythus
921 1957 951 2008 et
975 1941 1058 2029 Sige,
1081 1941 1192 2008 deinde

117 2143 168 2202 καὶ
180 2137 321 2224 ἀόρατον,
335 2136 430 2202 ἀΐδιόν
439 2160 473 2202 τε
484 2141 536 2202 καὶ
547 2137 717 2222 ἀγέννητον,
731 2137 762 2200 ἐν
778 2137 892 2222 ἡσυχίᾳ
907 2141 959 2201 καὶ
970 2138 1079 2222 ἠρεμίᾳ
1091 2139 1189 2222 πολλῇ

115 2247 275 2331 γεγονέναι
288 2246 321 2310 ἐν
334 2246 465 2330 ἀπείροις
476 2247 571 2309 alliot.
619 2243 827 2330 Συνιιπέιρχειν
842 2243 870 2307 δ’
879 2247 958 2328 αὐτῷ
973 2248 1026 2309 καὶ
1041 2245 1190 2326 Ἔννοιαν,

115 2357 151 2438 ἣν
174 2355 213 2438 δὴ
237 2355 291 2416 καὶ
314 2353 421 2438 Χάριν,
445 2355 498 2415 καὶ
521 2353 614 2436 Σιγὴν
629 2351 825 2434 ὀνομάζουσι·
845 2351 898 2414 καί
916 2373 989 2416 ποτε
1011 2352 1192 2436 έννοηθῆναι

115 2460 168 2542 ἀρ’
181 2461 294 2524 ἑαυτοῦ
316 2457 527 2544 προβαλέσθαι
547 2461 598 2522 τὸν
623 2457 725 2522 Batti
743 2467 847 2521 τοῦτον
865 2460 962 2542 ἀρχὴν
985 2469 1043 2522 τῶν
1063 2459 1190 2540 πάντων,

114 2571 168 2630 καὶ
200 2567 348 2649 καθάπερ
375 2565 495 2650 σπέρμα
517 2569 570 2649 τὴν
595 2564 745 2651 προβολὴν
768 2565 887 2648 amir-nv,
915 2566 951 2648 ἢν
982 2564 1191 2651 προβαλέσθαι

114 2675 278 2759 ἐνενσήθρ,
290 2678 343 2738 καὶ
353 2672 548 2737 καταθέσθαι
563 2673 604 2749 ὡς
623 2673 656 2735 ἐν
674 2672 772 2757 μήτρᾳ
788 2683 824 2756 τῇ
841 2671 1076 2756 συνυπαρχοὺσμ
1092 2672 1189 2756 ἑαυτῷ

114 2781 205 2866 Σιγῇ.
247 2780 368 2863 Τα·ἰτην
386 2780 420 2842 δὲ
439 2777 661 2862 ὑποδεξαμένην
676 2782 710 2842 τὸ
725 2776 847 2861 σπέρμα
862 2787 949 2843 τοῦτο
965 2780 1017 2840 καὶ
1036 2779 1189 2862 ἐγκύμονα

111 2887 282 2972 γενομένην
300 2887 473 2968 ἀποκυῆσαι
491 2884 582 2964 Νοῦν,
603 2885 705 2967 ὅμοιον
723 2906 756 2948 τε
779 2887 831 2948 καὶ
853 2887 918 2948 ἶσον
941 2891 982 2966 τῷ
1001 2883 1187 2969 προβαλόντι,

111 2999 165 3058 καὶ
177 2992 271 3079 μόνον
285 3003 441 3077 χωροῦντα
452 2995 486 3056 το
498 2990 630 3076 μέγεθος
644 3000 697 3054 τοῦ
713 2988 842 3074 πατρὸς·
863 2994 914 3054 τὸν
932 2991 965 3054 δὲ
984 2991 1066 3055 Νοῦν
1084 3003 1188 3056 τοῦτον

109 3104 165 3164 καὶ
188 3100 350 3183 Μονογενῆ
371 3099 509 3176 καλοῦσι,
533 3101 585 3160 καὶ
608 3096 741 3179 Πατέρα,
761 3099 813 3161 καὶ
833 3096 952 3181 Ἀρχὴν
975 3107 1032 3160 τῶν
1051 3099 1186 3160 πάντων·

111 3204 414 3290 Σνμπρσβεβλῆσθαι
432 3205 464 3266 δὲ
483 3205 564 3286 αὐτῷ
580 3201 759 3286 Ἀλήθειαν,
780 3205 832 3266 καὶ
851 3204 923 3266 εἶναι
944 3205 1053 3286 ταύτην
1068 3204 1187 3288 πρώτην

110 3317 164 3374 καὶ
178 3311 348 3396 ἀρχέγονον
362 3310 571 3394 πυθαγορινιὴν
586 3313 758 3394 τετρακιὺν,
770 3311 806 3394 ἣν
826 3311 878 3372 καὶ
897 3309 979 3394 ῥίζαν
995 3320 1052 3373 τῶν
1067 3312 1187 3375 πάντων

146 3509 190 3568 (ι)
212 3505 331 3558 Restitue
349 3507 417 3556 acuis
436 3505 478 3557 vel
496 3504 620 3557 saeculis:
676 3504 763 3555 tinum
785 3504 934 3573 occupavit,
952 3503 996 3573 qui
1017 3505 1048 3556 de
1068 3505 1129 3575 Sige
1149 3507 1185 3558 nil

109 3593 291 3662 inopportuna
307 3589 350 3641 hic
366 3588 490 3642 Aeonum
509 3589 620 3642 mentio.
676 3588 776 3641 habens
798 3605 845 3658 pro
869 3589 1045 3658 quaternitate
1070 3591 1184 3642 triadem

146 3680 191 3742 (ι)
210 3672 388 3745 Pythagoreis
407 3673 496 3742 utique
514 3675 531 3740 ἠ
547 3677 620 3740 πηγὴ
676 3672 749 3741 ponit
769 3673 865 3743 Abyssi
885 3673 983 3724 Mentis
1001 3686 1028 3724 et
1049 3671 1185 3738 Veritatis,

106 3768 158 3827 τῆς
174 3763 283 3826 φύσεως
297 3761 314 3823 ἡ
330 3760 474 3826 τετρακτὺς
489 3755 548 3824 (cfr.
561 3756 620 3810 Phi·
675 3773 730 3809 non
749 3768 803 3808 tam
824 3774 856 3809 ex
875 3757 1026 3827 theologiae
1045 3759 1184 3830 aegyptiae

105 3844 248 3914 losoplmm.
260 3842 283 3906 l)
299 3841 360 3912 quia
375 3841 558 3911 quaternarius
573 3859 620 3894 nu·
676 3839 897 3910 [Nun-Ra-Mat]
917 3857 996 3911 quarn
1022 3858 1053 3896 cx
1077 3843 1184 3912 neopla-

106 3945 200 3982 merus
211 3926 238 3979 in
248 3943 277 3979 se
286 3943 394 3978 causam
404 3926 523 3979 continet
533 3926 619 3978 omnis
674 3927 824 3979 tonicorum
836 3926 937 3994 placitis
947 3926 1040 3996 quibus
1051 3927 1124 3980 Mens
1138 3945 1184 3997 per

106 4011 215 4064 numeri
237 4010 326 4077 (ibid.)
348 4009 390 4062 vel
415 4010 475 4080 quia
497 4021 620 4078 quattuor
679 4009 785 4062 Verbum
793 4010 1105 4076 cunctadiciturcreasse;
1115 4011 1184 4063 Deus

103 4109 168 4149 sunt
204 4094 297 4147 mundi
331 4093 471 4147 elementa.
519 4093 618 4146 Verum
675 4112 738 4148 vero
754 4113 768 4147 a
784 4096 878 4148 creatis
894 4095 1127 4165 omninolingitur
1143 4113 1183 4148 re-

104 4181 173 4232 haec
197 4178 326 4249 coguatio
344 4195 399 4232 non
418 4177 502 4249 prima
522 4175 619 4232 Valen·
674 4192 764 4233 motus
775 4179 833 4248 (cfr.
847 4195 951 4232 rseuuo
962 4179 1102 4232 Teanum.
1114 4181 1182 4247 l.c.).
