3238 5090
207 489 428 560 (xxxt1,3-4).]
602 490 691 538 utute
715 491 880 538 secuuous

1209 491 1270 559 401

205 687 291 754 illam
316 686 519 774 principalem
544 702 575 753 et
598 687 733 774 primam
749 684 893 753 ostendat
909 685 1114 776 ogdoadem),
1129 708 1184 774 per
1200 710 1275 775 apo·

207 793 360 860 stolorum
385 814 553 858 numerum
576 807 689 880 typum
715 790 843 873 lactum,
860 793 958 880 possit
981 791 1157 874 ostendere,
1173 815 1274 882 neque

206 897 340 966 secunda
358 897 534 966 decadetl¹l
552 915 622 988 post
641 900 726 966 enim
744 897 913 966 duodecim
932 900 1092 987 apostolos
1112 921 1176 966 cxx
1196 900 1274 967 alios

206 1007 366 1073 Dominus
397 1022 504 1072 noster
527 1023 598 1072 ante
622 1029 655 1072 se
678 1007 802 1073 misisse
826 1008 1003 1087 invenitur;
1017 1007 1051 1060 (²)
1081 1009 1274 1096 septuaginta

206 1131 310 1180 autem
335 1136 392 1180 nec
416 1114 578 1181 octonario
602 1135 747 1196 numero,
763 1137 864 1202 neque
879 1113 1018 1196 denario,
1035 1137 1091 1180 nec
1106 1117 1274 1182 tricenario

205 1240 299 1308 typus
322 1241 390 1287 esse
413 1235 553 1308 possunt.
601 1219 694 1302 Quae
717 1220 813 1308 igitur
836 1241 928 1286 causa
951 1237 1008 1301 est,
1033 1222 1182 1301 minoreS,
1206 1222 1275 1309 qui-

206 1325 290 1406 dem,
306 1328 386 1392 sicut
404 1325 552 1414 praedixi,
568 1327 694 1392 Aeones
712 1347 767 1414 per
782 1325 942 1413 apostolos
957 1324 1101 1408 ostendi;
1125 1326 1273 1392 meliores

205 1448 321 1514 autem,
345 1455 382 1496 ex
413 1429 525 1520 quibus
555 1447 585 1496 et
613 1431 644 1496 hi
669 1430 741 1497 facti
765 1448 848 1512 sunt,
872 1454 937 1497 non
960 1433 1024 1497 iam
1048 1430 1274 1520 praefigurari?

206 1537 244 1604 Et
267 1535 434 1604 duodecim
457 1553 563 1603 autem
587 1537 730 1626 apostoli,
747 1554 873 1625 propter
893 1537 953 1604 hoc
970 1537 1060 1603 electi
1080 1538 1152 1617 sint,
1169 1555 1202 1604 ut
1219 1560 1273 1626 per

205 1668 260 1711 eos
277 1667 427 1712 numerus
442 1643 610 1712 duodecim
626 1647 774 1712 Aeonum
791 1645 984 1733 significetur
994 1670 1003 1727 ;
1022 1663 1052 1711 et
1068 1646 1272 1734 septuaginta,

206 1752 237 1816 in
261 1768 372 1838 typum
396 1753 543 1818 Aeonum
568 1751 760 1840 septuaginta
784 1749 874 1817 electi
898 1771 967 1817 esse
989 1748 1181 1817 debuerunt:
1207 1772 1271 1817 non

205 1857 267 1923 iam
291 1858 417 1946 triginta
441 1880 574 1924 numero
597 1859 734 1938 Aeonas,
754 1856 807 1923 sed
832 1859 991 1944 octoginta
1014 1873 1044 1923 et
1068 1855 1148 1923 duos
1173 1855 1272 1924 factos

204 1961 317 2030 dicant.
364 1965 431 2046 Qui
455 1965 540 2030 enim
565 1962 738 2030 secundum
760 1979 873 2051 typum
896 1985 1008 2029 eorum
1032 1964 1085 2050 qui
1108 1964 1141 2028 in
1164 1963 1273 2030 Plero-

240 2197 284 2263 (ι)
302 2195 402 2250 Multae
417 2197 449 2250 de
468 2197 518 2249 hoc
533 2195 633 2250 difficili
652 2197 712 2250 loco

205 2280 322 2349 prolatae
363 2292 425 2334 sunt
471 2281 710 2351 interpretationes.

205 2363 380 2418 Fauianam.
393 2365 457 2418 haec
468 2365 538 2418 sicco
549 2364 614 2436 pede
626 2377 711 2418 trans-

205 2448 239 2513 it;
257 2449 468 2504 Caesareanum
489 2451 614 2503 mutilum
635 2467 711 2502 accu-

205 2545 254 2592 sat,
276 2545 354 2604 atque
377 2535 497 2587 medelae
515 2551 589 2604 spem
609 2533 710 2598 abiicit3

204 2615 334 2670 Massuur
351 2617 474 2687 proponit
498 2619 603 2688 «possit
621 2630 709 2670 osten-

207 2721 220 2750 ιι
231 2703 292 2755 dere
301 2719 405 2772 quoque
414 2701 546 2754 sectandum
557 2702 706 2754 decadem»

204 2787 271 2840 bene
295 2786 411 2857 quidem,
435 2788 456 2839 si
482 2787 552 2840 illius
576 2787 710 2839 secuudum

204 2871 281 2940 plena
294 2873 362 2924 ratio
379 2872 538 2924 redderetur.
575 2869 638 2923 Eius
653 2888 711 2923 cor-

205 2967 291 3024 rector
309 2955 337 3008 in
356 2955 471 3008 Biblioth.
491 2955 579 3008 choisie
597 2967 622 3008 et
636 2955 710 3007 Stre-

205 3051 256 3090 nts
278 3051 428 3109 supponunt
449 3055 556 3109 «neque
576 3057 646 3091 nova
665 3041 710 3092 ad-

208 3123 285 3175 udita
311 3124 407 3176 decade
419 3143 433 3172 a
464 3124 624 3178 sententiam
649 3141 709 3177 cum

204 3223 274 3277 seqq.
291 3219 487 3260 connectentes.
532 3207 649 3261 Hanver
665 3209 710 3262 de·

205 3307 278 3343 mum
298 3307 446 3361 supponens
466 3293 493 3344 in
515 3303 589 3345 textu
614 3309 710 3364 graeco

204 3375 227 3439 β’
243 3377 337 3428 δύκαὸι
356 3375 532 3428 abiiciendum
552 3387 625 3447 putat
647 3393 710 3430 «se-

207 3478 221 3508 u
231 3460 344 3512 cundam
354 3479 380 3523 u,
392 3470 418 3513 et
432 3460 573 3530 legendum
588 3459 709 3514 aduode-

208 3545 358 3607 «cademi,
386 3545 546 3597 sententiam
574 3563 588 3598 a
617 3547 710 3599 ceteris

204 3628 327 3681 omnibus
352 3629 468 3681 avellens
493 3645 643 3700 novamque
666 3645 711 3700 pe·

204 3711 308 3765 riodum
327 3713 363 3765 ita
382 3713 535 3765 instituens:
564 3713 639 3766 «Sed
665 3729 711 3784 per

207 3816 219 3844 a
230 3797 409 3866 apostolorum
420 3813 560 3850 numerum
568 3808 662 3869 typum
673 3795 686 3850 f
699 3829 710 3837 ·

207 3881 709 3952 «ctum,potuitostenderenequeduo·

205 3965 355 4018 «decadem
365 3983 391 4029 »ς
401 3965 470 4036 quod
481 3966 559 4035 plane
566 3966 710 4020 nimisvio·

202 4049 304 4102 lentum
320 4061 358 4102 est
374 4062 432 4102 tum
447 4051 518 4120 quod
533 4067 636 4120 graeca,
651 4061 709 4104 tum

202 4133 285 4186 latina
300 4134 369 4204 quod
386 4135 489 4187 attinet.
526 4135 618 4198 Quum
634 4151 709 4188 mens

203 4217 271 4270 lten.
285 4218 312 4270 in
325 4231 423 4290 genere
435 4220 538 4272 eluceat
551 4235 604 4272 ceo
614 4235 710 4292 nempe

770 2193 904 2247 «tendens
919 2223 936 2232 -
951 2206 980 2247 ut
1005 2193 1041 2246 ait
1061 2192 1156 2246 Gnatae
1171 2223 1188 2232 —
1203 2195 1272 2265 quod

768 2295 891 2332 evanum
910 2279 943 2332 sit
963 2293 1002 2332 ΧΠ
1020 2279 1119 2332 Christi
1139 2279 1273 2350 apostolos

769 2373 885 2433 «typum
900 2361 985 2417 lacere
999 2378 1036 2416 rur
1048 2364 1181 2429 Aeonum,
1191 2381 1272 2435 quum

768 2447 862 2499 «haud
872 2447 916 2499 alii
926 2448 1022 2500 dentur
1035 2448 1146 2518 apostoli
1160 2465 1272 2501 numero

768 2531 884 2585 «decern
902 2544 927 2584 et
943 2544 1013 2596 octo,
1028 2533 1122 2603 quibus
1137 2534 1179 2585 vel
1195 2533 1273 2586 decus

768 2617 832 2668 «vel
848 2616 949 2687 ogdoas
968 2617 1084 2686 priorum
1101 2618 1225 2672 Aeonum
1245 2635 1271 2669 a·

768 2718 782 2748 u
792 2700 958 2764 dombretur3
972 2701 1138 2770 septuaginta
1148 2701 1220 2754 enim
1233 2702 1272 2754 di-

768 2784 905 2854 «scipulos
923 2802 938 2836 a
957 2785 1097 2838 Servatore
1113 2797 1204 2857 postea
1220 2787 1272 2838 ele-

768 2887 781 2916 «
791 2880 847 2920 ctos
863 2869 914 2921 huc
926 2869 995 2920 trahi
1011 2884 1066 2920 non
1081 2885 1167 2939 posse,
1180 2881 1271 2940 utpote

767 2971 781 3000 u
791 2968 903 3005 numero
913 2953 992 3022 longe
1004 2953 1150 3023 superiores
1160 2971 1174 3001 i)
1190 2957 1223 3006 ab
1233 2953 1271 3005 ul-

763 3036 903 3088 terioribus
914 3037 1045 3090 abstinere
1052 3053 1198 3107 possumus.
1218 3036 1271 3090 Ve-

764 3137 823 3172 rum
848 3137 896 3174 nec
915 3122 987 3192 piget
1013 3122 1136 3174 nuntiare
1155 3123 1271 3176 litteram

763 3205 821 3257 cod.
835 3204 895 3257 Vat.
910 3213 998 3275 (quae,
1012 3216 1039 3258 ut
1053 3217 1146 3259 notum
1162 3219 1210 3270 est,
1223 3223 1271 3260 no-

763 3289 797 3342 tis
807 3290 894 3360 potius
904 3307 983 3361 quam
995 3291 1105 3362 integris
1114 3291 1201 3344 verbis
1208 3307 1271 3346 con-

763 3373 893 3439 stituitur)
912 3375 1026 3443 perbelle
1046 3375 1081 3427 ita
1106 3375 1157 3445 legi
1182 3391 1270 3445 posse:

767 3471 828 3520 eut,
852 3475 898 3528 per
916 3460 1097 3528 apostolorum
1119 3475 1270 3524 numerum,

767 3554 884 3613 «typum
903 3541 1002 3596 lactum
1027 3543 1109 3613 possit
1131 3544 1270 3598 ostendere

766 3643 873 3696 «aeque
897 3643 972 3679 secus
996 3627 1183 3693 duodecade»,
1204 3645 1271 3700 quae

763 3727 869 3763 sensum
883 3713 995 3765 omnino
1008 3713 1157 3766 absolutum
1171 3713 1235 3766 dant
1248 3713 1270 3766 si

763 3802 847 3867 typum
861 3796 961 3866 sactum
973 3796 1108 3850 'reseratur
1122 3797 1155 3850 ad
1174 3813 1270 3868 propo-

763 3883 842 3933 situm
854 3881 959 3934 decadis
969 3893 1063 3953 typum
1073 3883 1117 3952 qui
1127 3883 1155 3934 in
1162 3881 1270 3935 Gnosti-

763 3980 856 4017 corum
875 3965 1005 4036 analog'is
1023 3966 1193 4020 desideratur.

799 4050 841 4115 (2)
852 4049 918 4102 [υς.
935 4049 969 4114 Χ,
986 4066 1013 4115 1;
1028 4051 1195 4122 septuaginta
1208 4049 1270 4104 duos

762 4133 842 4186 habet
869 4133 949 4204 Vulg.
980 4133 1026 4188 sed
1057 4146 1149 4188 contra
1182 4145 1270 4188 textus

763 4222 851 4291 graeci
870 4221 960 4276 iidem.
