3230 5062
335 435 394 500 180
617 451 747 498 nexant
772 451 934 498 auvensus
958 451 1113 496 nxuxeses
1240 451 1325 520 [x111‚
1346 449 1398 520 6-7

331 675 347 712 a
361 671 457 736 quam
482 645 754 735 magnitudines(¹)
777 667 902 733 semper
925 641 1078 726 videntes,
1103 645 1216 714 faciem
1240 647 1352 728 Patris,
1368 665 1399 714 te

335 756 430 820 «viae
453 753 532 822 duce
556 770 586 819 et
609 751 777 820 adductote
805 768 938 832 utentes,
962 749 1145 820 abstrahunt
1176 775 1304 820 sursum
1328 777 1401 820 suas

335 887 350 922 τι
363 859 491 942 formas,
515 883 591 948 quas
609 858 699 926 valde
723 857 822 926 audax
841 858 893 924 illa
911 856 1002 926 ducta
1021 857 1249 946 phantasmate,
1271 877 1400 948 propter

332 993 347 1030 a
364 967 483 1034 bonum
506 957 816 1054 Propatotis'emisit
839 987 898 1032 uos
922 965 1076 1054 imagines
1100 965 1239 1048 illorum,
1258 983 1332 1033 tunc
1353 967 1401 1034 in-

331 1101 347 1138 «
362 1074 535 1140 tentionem
552 1071 678 1138 illorum
695 1094 773 1160 qnae
797 1087 870 1136 sunt
892 1093 1031 1155 sursum,
1054 1073 1142 1159 quasi
1161 1074 1324 1140 somnium
1345 1072 1401 1138 ha-

332 1179 453 1259 ubens3
477 1202 560 1260 ecce,
584 1178 676 1245 iudex
700 1179 733 1244 in
755 1179 913 1266 proximo,
937 1195 968 1244 et
991 1200 1104 1266 praeco
1128 1203 1180 1246 me
1203 1179 1288 1246 iubet
1311 1203 1400 1248 meae

334 1285 536 1353 «defensioni
551 1284 668 1352 adesse.
716 1284 769 1350 Tu
782 1286 995 1373 autem,quasi
1008 1307 1087 1372 quae
1103 1286 1182 1352 scias
1195 1303 1400 1374 utrorumque

331 1421 346 1456 κ
362 1409 545 1460 nostrorum
560 1393 725 1473 rationem,
741 1407 903 1480 tamquam
915 1415 1016 1458 unum
1028 1394 1230 1459 exsistentem
1244 1391 1338 1460 iudici
1351 1417 1399 1460 as·

331 1526 347 1562 «
363 1500 437 1564 siste
452 1499 518 1564 ».(²l
564 1499 664 1564 Mater
677 1515 782 1564 autem
799 1499 874 1578 cito,
888 1497 1016 1566 audiens
1028 1497 1115 1580 haec,
1129 1499 1332 1566 Homericam
1351 1501 1401 1566 in-

329 1604 469 1673 ferorum
489 1606 609 1694 galeam
629 1607 674 1671 eis
694 1605 948 1692 superimposuit,
956 1605 990 1658 (ὓ)
1012 1621 1046 1671 ut
1062 1605 1258 1673 invisibiliter
1281 1606 1401 1695 effuge-

334 1831 350 1868 <t
362 1807 419 1889 πρὸ
436 1803 548 1868 αἰῶνων
564 1801 665 1887 Σιγῆς,
682 1802 718 1885 ἣν
733 1803 771 1864 τὰ
787 1799 906 1886 μεγέθη
922 1801 1092 1879 διαπαντὸς
1104 1801 1263 1888 βλέποντα,
1280 1808 1314 1868 τὸ
1329 1803 1399 1892 προ

331 1937 347 1974 ιι
361 1930 463 1974 σωπον
478 1917 530 1972 τοῦ
545 1907 673 1992 Πατρὸς,
690 1907 790 1992 ὁδηγῷ
808 1927 856 1972 σοι
875 1909 927 1971 καὶ
945 1919 1138 1994 προσαγωγεῖ
1154 1909 1310 1995 χρώμενα,
1330 1912 1399 1978 ἀνά·

335 2042 350 2078 «
362 2023 477 2080 οπῶσιν
490 2015 552 2078 ἄνω
564 2016 617 2092 τὰς
633 2015 730 2076 αὐτῶν
747 2014 872 2096 μορφὰς,
888 2014 924 2088 ἃς
938 2012 959 2096 ἡ
975 2010 1200 2098 μεγαλότολμος
1211 2015 1312 2101 έκεένη
1328 2040 1398 2100 φαν-

331 2121 572 2202 τιταστασθκῖσα,
592 2120 641 2182 διὰ
655 2122 689 2183 τὸ
705 2118 824 2203 ἀγαθὸν
838 2127 892 2182 τοῦ
909 2118 1102 2205 Προπέτορος
1118 2121 1303 2208 προεβῆατο
1317 2125 1397 2209 ἡμᾶς

335 2255 350 2292 ιι
361 2233 414 2306 τὰς
434 2228 560 2310 εἰκόνας,
580 2226 647 2292 τότε
666 2225 810 2310 ἐνθύμιον
827 2235 881 2290 τῶν
897 2226 960 2290 ἄνω
974 2225 1014 2302 ὡς
1029 2225 1165 2292 ἐνύπνιον
1183 2231 1315 2315 ἔχουσα·
1336 2231 1399 2296 {dub

331 2337 378 2400 «ὁ
401 2338 504 2420 κριτὴς
518 2336 618 2419 ἐγγὺς,
637 2336 689 2398 καὶ
708 2334 725 2398 ὁ
743 2331 837 2417 κῆρυξ
860 2353 897 2416 με
921 2333 1040 2398 κελεύει
1055 2335 1295 2420 ἀπολογεῖσθαι·
1311 2342 1350 2402 ab
1364 2340 1398 2404 δὲ

335 2467 350 2505 τι
362 2442 403 2519 ὡς
417 2439 599 2526 ἐπισταμένη
612 2443 649 2504 τὰ
660 2438 845 2523 ἀμφοτέρων,
860 2425 910 2502 τὸν
924 2439 1000 2523 ὑπὲρ
1011 2439 1186 2526 ἀμφοτέρων
1197 2443 1281 2528 ἡμῶν
1297 2443 1397 2528 λόγον,

335 2550 402 2626 «ὡς
425 2551 479 2613 ένα
501 2551 572 2614 ὄντα
594 2555 636 2630 τῷ
659 2555 747 2633 κριτῇ
769 2545 962 2629 παράστησον
977 2570 1005 2611 u.
1053 2547 1093 2612 ‘H
1112 2549 1146 2612 δὲ
1165 2549 1263 2634 μήτηρ
1281 2547 1398 2636 ταχέως

329 2657 488 2721 ἀκούσασα
510 2655 631 2732 τούτων,
655 2657 708 2738 την
731 2651 899 2738 Ὁμηρικὴν
918 2651 1025 2730 Ἀϊδος
1049 2654 1156 2738 κυνέην
1179 2657 1278 2734 αὐτοῖς
1301 2657 1398 2741 περιέ-

329 2763 421 2849 θηκε,
445 2765 518 2847 πρὸς
539 2765 574 2826 το
596 2761 730 2846 ἀοράτως
752 2759 893 2844 ἐκφυγεῖν
915 2762 965 2822 τὸν
987 2761 1109 2844 κριτήν·
1133 2763 1185 2826 καὶ
1211 2773 1398 2848 παραχρῆμα

365 2919 406 2985 (τ)
425 2918 445 2971 Ι.
464 2935 486 2971 ε.
503 2919 600 2988 angeli,
613 2931 641 2971 ut
654 2917 777 2980 diximus,
793 2915 836 2986 qui
890 2914 999 2984 angelos
1013 2915 1091 2986 ipsos,
1104 2929 1194 2970 mente
1203 2918 1275 2971 velut
1286 2919 1313 2971 in
1327 2935 1397 2972 som-

330 3019 434 3072 semper
452 3003 542 3055 vident
562 3001 657 3056 faciem
676 3001 760 3055 Patris
785 3002 836 3069 (Si
890 2997 1098 3052 niorevolveret.
1131 2999 1318 3071 (Clr.Xl,t,p.
1339 3016 1397 3074 159,

329 3103 380 3158 gen
390 3088 502 3157 ipsam);
517 3100 545 3140 ut
558 3087 694 3158 sequentia
705 3086 836 3156 intelligas
890 3083 1034 3136 secundum
1054 3086 1212 3138 memoriam
1232 3087 1396 3152 meliorum).

329 3173 415 3226 recole
434 3183 496 3226 ante
511 3173 602 3226 omnia
615 3189 682 3243 quae
701 3189 722 3224 c.
734 3170 780 3235 lV,
794 3172 808 3240 5
821 3187 832 3239 5
891 3165 944 3218 Has
955 3167 1034 3238 igitur
1045 3169 1200 3238 angelorum
1210 3169 1340 3242 imagines
1350 3187 1396 3224 seu

329 3255 492 3308 dictasunt:
519 3255 672 3308 Achamoth
697 3255 741 3306 scl.
764 3254 835 3322 (illa)
885 3249 986 3320 formas
1004 3268 1071 3316 suas,
1095 3252 1193 3322 Sophia
1215 3253 1290 3318 duce,
1308 3255 1396 3325 angeli

330 3351 468 3408 postquam
485 3339 606 3392 Salvator
621 3355 680 3392 eam
700 3338 835 3402 relevavit,
889 3351 993 3388 sursum
1015 3337 1166 3390 abstrahere
1182 3337 1288 3404 debent,
1305 3355 1335 3392 ac
1355 3338 1395 3392 lu-

329 3423 454 3476 virtutem
465 3423 594 3476 maiorem
606 3423 736 3493 accepisse
746 3422 836 3492 (valde
890 3419 954 3472 dicis
966 3419 1118 3490 conspectui
1131 3421 1240 3490 eripere,
1253 3433 1282 3474 ut
1295 3422 1323 3474 in
1337 3421 1396 3476 Ple-

329 3506 428 3572 audax)
439 3518 517 3576 atque
528 3507 636 3577 angelos
644 3507 700 3560 eius
710 3506 835 3560 satellites
890 3523 964 3560 roma
976 3521 1096 3577 receptae
1106 3510 1207 3580 angelis
1221 3509 1283 3580 ipsis
1294 3511 1395 3564 nubant

329 3592 505 3661 conspexisse,
516 3609 548 3644 ex
559 3609 610 3662 quo
624 3605 766 3663 conspectu
779 3593 835 3644 ani·
889 3591 947 3659 (cfr.
968 3609 989 3646 c.
1006 3591 1065 3654 vll,
1082 3609 1104 3656 1,
1117 3609 1142 3662 7,
1156 3611 1180 3663 p.
1198 3607 1260 3658 122;
1270 3593 1343 3658 xxl,
1359 3596 1394 3662 5).

329 3674 752 3744 mo'informavit(tenemium
765 3677 835 3730 male
926 3678 967 3744 (ο)
987 3675 1025 3730 Ex
1049 3694 1135 3747 graec.
1161 3695 1209 3748 pro
1231 3689 1395 3749 «tamquam

330 3759 401 3812 redd.
428 3759 501 3812 dtula
522 3759 709 3832 phantasmae)
731 3773 834 3832 partum
892 3777 1022 3813 aunum»
1045 3773 1094 3814 etc.
1109 3779 1221 3832 repone:
1241 3763 1394 3833 abasipsas

328 3843 484 3914 spiritalem,
508 3857 586 3915 atque
605 3845 675 3898 hunc
701 3845 788 3898 emisit
808 3845 835 3898 in
892 3845 1051 3918 «utriusque
1066 3848 1190 3912 rationes,
1209 3859 1346 3919 tamquam
1366 3865 1394 3902 u·

330 3930 428 3982 bonum
455 3929 614 4000 Propatoris‚
639 3929 761 3982 homines
789 3931 835 3984 sel.
893 3949 978 3986 uuam
997 3933 1169 3986 exsistentem
1189 3934 1218 4000 (i.
1243 3949 1266 3986 e.
1291 3935 1395 4004 utrique

329 4013 457 4082 spiritales
465 4013 522 4084 (qui
529 4013 626 4066 idcirco
636 4025 696 4066 sunt
702 4013 803 4082 formae
809 4025 835 4068 et
892 4018 1108 4078 «communemh
1122 4016 1200 4070 iudici
1212 4017 1307 4071 exhibe
1317 4038 1342 4070 x.

329 4100 450 4168 imagirus
463 4099 640 4170 angelorum),
651 4116 741 4169 quum,
755 4099 835 4152 visio·
924 4100 967 4166 (3)
980 4098 1034 4152 Clr.
1043 4099 1078 4152 lx.
1090 4099 1122 4164 V,
1133 4101 1231 4172 844sq.
1264 4121 1278 4150 a
1288 4101 1394 4156 Plutoni

329 4198 362 4234 ne
381 4182 431 4235 hac
443 4194 585 4248 transacta,
597 4199 704 4254 superas
719 4199 769 4246 res,
788 4201 835 4237 seu
892 4183 1074 4252 «(inserorum
1086 4210 1104 4232 =
1115 4187 1224 4252 Ἄϊδος)
1243 4188 1318 4259 galea
1337 4198 1394 4242 erat
