3238 5090
380 515 445 598 464

670 531 799 577 IRENAEI
823 529 984 575 ADVERSUS
1007 529 1162 574 HAERESES
1249 525 1385 594 [XXXIIL
1401 540 1451 594 1-3

380 723 543 814 oportebat
562 747 613 790 eas
633 725 817 790 meminisse
839 745 952 790 eorum
974 745 1053 810 quae
1073 721 1237 788 antefacta
1254 740 1337 801 sunt,
1354 723 1454 788 utiea

380 855 458 920 quae
481 829 608 898 deerant
631 828 845 918 adimplerent,
865 846 896 895 et
918 851 984 896 non
1008 830 1088 895 circa
1112 828 1222 896 eadem
1246 851 1369 916 semper
1393 851 1456 894 vo-

379 939 513 1004 lutantes
537 938 755 1018 continuatim,
781 935 998 1003 miserabiliter
1028 934 1213 1002 laborarent.
1259 935 1335 1003 Non
1362 936 1454 1000 enim

379 1059 500 1132 poterat
515 1043 657 1130 corporis
672 1041 823 1109 admixtio
839 1041 871 1106 in
887 1057 991 1106 totum
1007 1041 1187 1106 universam
1205 1041 1357 1128 ipsorum,
1369 1063 1454 1127 quae

379 1167 450 1216 ante
476 1149 578 1216 habita
601 1165 698 1230 erant,
722 1149 919 1236 exstinguere
948 1149 1139 1214 memoriam
1155 1164 1186 1213 et
1209 1147 1454 1234 contemplatio-

380 1279 467 1335 nem;
485 1273 515 1322 et
531 1257 669 1322 maxime
683 1254 721 1321 ad
737 1258 798 1321 hoc
814 1255 1024 1320 venientes<¹>
1069 1252 1247 1335 Quomodo
1263 1255 1348 1319 enirn
1364 1275 1453 1318 nunc

379 1364 517 1451 soporati
540 1378 570 1428 et
598 1363 810 1450 requiescente
838 1383 980 1449 corpore,
1003 1383 1221 1449 quaecumque
1251 1362 1354 1426 anima
1383 1361 1454 1448 ipsa

378 1466 459 1556 apud
483 1491 516 1536 se
538 1467 624 1535 videt
645 1485 676 1535 et
698 1469 731 1534 in
755 1467 971 1556 phantasmate
994 1469 1068 1556 agit,
1091 1484 1122 1536 et
1149 1467 1263 1534 horum
1287 1468 1376 1555 plura
1400 1489 1454 1533 re-

379 1577 549 1643 miniscens
565 1577 780 1642 communicat
795 1597 869 1640 cum
886 1596 1018 1662 corpore
1024 1599 1033 1655 ;
1049 1590 1080 1641 et
1091 1573 1176 1640 esth)
1190 1572 1314 1662 quando
1333 1590 1454 1662 etpost

378 1684 549 1771 plurimum
575 1684 738 1771 temporis,
761 1703 977 1770 quaecumque
1001 1703 1056 1771 per
1079 1683 1242 1749 somnium
1264 1683 1336 1768 quis
1358 1680 1452 1762 vidit,

377 1791 511 1877 vigilans
527 1791 701 1856 annuntiat:
715 1791 760 1856 sic
773 1790 879 1877 utique
895 1789 1148 1856 reminisceretur
1160 1804 1190 1856 et
1202 1787 1342 1870 illorum,
1356 1811 1452 1876 quae,

378 1913 544 1986 antequam
563 1897 594 1962 in
619 1896 678 1962 hoc
698 1918 811 1984 corpus
835 1896 966 1975 veniret,
985 1895 1058 1983 egit.
1104 1895 1137 1961 Si
1157 1897 1243 1961 enim
1266 1894 1338 1975 hoc,
1362 1894 1452 1981 quod

379 2005 410 2069 in
426 2002 615 2069 brevissimo
631 2018 773 2090 tempore
789 2003 895 2068 visum
911 2018 968 2082 est,
985 2001 1034 2068 vel
1054 2003 1085 2068 in
1103 2002 1318 2089 phantasmate
1334 2024 1453 2067 conce-

378 2125 468 2196 ptum
482 2125 539 2189 est,
552 2125 582 2174 et
597 2106 634 2174 ab
651 2132 686 2174 ea
702 2107 769 2174 sola
784 2131 840 2196 per
852 2109 1024 2188 somnium,
1037 2125 1204 2196 postquam
1220 2111 1393 2175 commixta
1408 2109 1452 2174 sit

379 2215 514 2301 corpori,
526 2229 558 2279 et
569 2215 601 2279 in
613 2214 797 2279 uuiversum
810 2213 992 2279 membrum
1004 2212 1154 2301 dispersa,
1164 2229 1450 2296 commemoratur,

379 2320 480 2386 nmlto
500 2321 600 2407 tnagis
620 2319 749 2385 illorum
774 2321 1036 2400 reminisceretur,
1056 2321 1088 2386 in
1107 2317 1231 2408 quibus,
1250 2319 1450 2408 temporibus

377 2428 470 2493 tantis
490 2442 520 2492 et
540 2428 688 2492 universo
706 2427 888 2514 praeteritae
906 2427 987 2492 vitae
1003 2425 1139 2506 saeculo,
1155 2428 1323 2493 immorata
1339 2443 1396 2493 est.

447 2553 475 2598 2.
500 2532 604 2623 [WH.
625 2533 693 2624 Lll.
735 2533 900 2600 Osrrusro
923 2553 1017 2606 ouon
1037 2554 1105 2600 uon
1126 2555 1251 2613 ainana,
1270 2554 1449 2600 secuuouu

377 2640 569 2720 Pannonian,
594 2661 773 2706 oncrvrours
797 2660 962 2706 nocutuu.
1008 2639 1058 2707 Ad
1078 2639 1153 2706 haec
1174 2638 1265 2706 Plato
1284 2657 1374 2706 retus
1394 2641 1448 2706 ille

376 2747 587 2828 Atheniensis
613 2748 666 2832 qui
690 2763 720 2812 et
744 2747 864 2835 primus
895 2747 1082 2812 sententiam
1112 2745 1190 2812 hanc
1222 2745 1449 2828 introduxit,<³)

413 2992 453 3058 (1)
472 2990 528 3044 Le.
548 3001 575 3042 ut
589 2989 729 3060 implerent
742 3006 808 3060 quae
823 2989 882 3042 dee-

377 3088 443 3127 rant.
481 3073 534 3128 cfr.
543 3074 645 3127 lustru.
657 3075 705 3126 loc.
720 3073 778 3126 cit:
798 3095 810 3122 a
820 3073 881 3126 Non

380 3181 392 3208 a
403 3175 507 3228 ergo...
521 3158 636 3228 migrant
651 3159 676 3210 in
694 3157 744 3210 alia
758 3174 881 3227 corpora:

380 3243 498 3296 ascirent
518 3241 589 3295 enirn
609 3259 665 3295 sese
685 3241 721 3294 ita
746 3242 832 3311 puniri
856 3253 882 3294 et

379 3347 392 3376 o
403 3327 544 3379 metuerim
572 3326 694 3397 deinceps
719 3327 761 3378 vel
789 3326 882 3379 leviter

378 3433 391 3458 u
402 3428 509 3480 peccare
522 3431 546 3463 a.
566 3441 599 3450 --
619 3411 649 3462 ln
668 3411 796 3480 proximis
811 3420 881 3482 sopo-

375 3497 426 3546 rati
444 3494 538 3564 pendet
558 3495 590 3546 ab
608 3496 702 3546 anima.

410 3581 452 3646 (a)
470 3578 489 3630 l.
508 3595 532 3633 e.
555 3598 568 3627 a
578 3589 602 3631 et
624 3589 699 3648 prout
718 3579 799 3631 etiam
821 3595 881 3632 eve·

378 3681 390 3710 o
401 3661 440 3714 nit
459 3661 600 3714 nonnullos
616 3663 801 3730 postmultum
817 3679 880 3732 quo-

378 3765 390 3794 a
400 3761 450 3816 que
467 3757 594 3814 tempusa
617 3757 666 3798 etc.

346 3839 348 3844 '
410 3831 451 3898 (3)
477 3829 738 3900 lletempsychoseos
764 3829 880 3899 origines

372 3915 568 3984 antiquissimas
588 3914 615 3966 in
635 3914 761 3967 Indorum
776 3915 879 3967 theolo-

373 3999 416 4068 gia
427 3999 562 4064 (Samsdra
572 4023 588 4044 =
598 3999 747 4068 circulatio)
758 3997 804 4051 cfr.
818 4018 842 4052 v.
853 4017 878 4070 g.

373 4084 441 4154 apud
461 4084 511 4136 Cu.
530 4099 564 4136 nr
584 4098 619 4135 aa
638 4083 785 4148 Saussarr,
811 4085 877 4136 Hist.

372 4167 397 4221 d.
407 4168 478 4238 relig.
489 4168 568 4238 [trad.
579 4168 660 4233 franc.
677 4167 765 4238 19oa]‚
778 4185 803 4237 p.
820 4181 877 4236 355:

372 4251 399 4304 in
419 4253 480 4323 ipsis
499 4253 678 4323 cosmogoniis
700 4253 814 4322 orphicis
834 4269 878 4306 ve·

937 2987 1089 3042 tustioribus
1109 2988 1178 3058 apud
1190 2987 1306 3042 Graecos
1321 2990 1447 3044 eamdem

937 3070 1086 3124 doctrinam
1105 3072 1222 3126 exhiberi
1237 3071 1332 3126 docent
1352 3072 1447 3126 Herro-

937 3169 1029 3208 norus
1043 3155 1086 3224 [Il,
1103 3156 1163 3225 81];
1176 3156 1271 3210 Panto
1286 3156 1389 3225 [Phara.
1401 3173 1446 3225 70;

938 3239 1033 3310 Cralyl.
1044 3241 1119 3310 4oo];
1129 3239 1288 3306 clnRottuE,
1301 3240 1397 3306 Psiclre,
1410 3243 1445 3307 ll,

940 3339 988 3392 107
1008 3341 1055 3376 ss:
1082 3325 1114 3378 ab
1132 3325 1173 3378 his
1193 3343 1239 3395 per
1256 3326 1445 3380 Pueaacaoau

936 3411 990 3480 (ap.
1000 3409 1075 3462 Suro.
1085 3409 1145 3462 Lex.
1155 3411 1203 3463 sub
1213 3412 1284 3474 voc.)
1295 3410 1327 3462 ad
1342 3411 1441 3481 Pytha·

935 3509 1047 3563 goraeos
1072 3494 1197 3546 transisse
1208 3494 1322 3559 videtur,
1340 3495 1373 3548 de
1386 3497 1445 3566 qui-

937 3579 983 3632 bus
1002 3577 1047 3632 csr.
1066 3578 1150 3631 Dion,
1174 3578 1274 3632 Laena.
1298 3577 1371 3643 Vlll,
1401 3596 1444 3648 3¹·

935 3663 1012 3716 Plura
1026 3663 1086 3716 vide
1096 3680 1136 3733 ap.
1150 3663 1224 3728 Dans,
1237 3664 1254 3715 l.
1270 3680 1292 3715 c.
1307 3681 1330 3734 p.
1344 3679 1393 3731 147
1408 3681 1443 3717 ss.

934 3749 1076 3801 Caeterum
1095 3759 1120 3800 et
1140 3747 1225 3800 Curat.
1243 3748 1294 3801 Aa.
1314 3747 1408 3801 Strom.
1423 3749 1444 3812 l,

938 3845 966 3897 15
980 3843 1006 3884 et
1020 3830 1131 3883 Hreeot.
1145 3829 1237 3884 Philas.
1249 3830 1268 3894 1,
1278 3829 1444 3900 111[Cautct.

935 3933 958 3985 p.
979 3915 1032 3983 14]‚
1048 3915 1133 3967 immo
1151 3926 1177 3967 et
1200 3913 1328 3968 Tarona.
1352 3915 1442 3970 Autol.

933 3999 981 4064 ΙΙΙ,
1003 4015 1028 4068 7,
1052 3999 1243 4070 Pythagoram,
1269 4000 1349 4070 longe
1380 4013 1444 4054 ante

933 4084 1443 4154 Platonem,primunahancsententiam

934 4169 1067 4221 induxisse
1082 4169 1216 4222 tenebant.
1252 4167 1303 4221 Sed
1323 4167 1400 4221 Plato
1414 4169 1444 4222 in

937 4251 1036 4305 Timaeo
1051 4253 1131 4324 longe
1146 4251 1331 4323 expolitiorem
1344 4253 1443 4306 doctri·
